time,best_bid,best_offer,bid_quote_size,offer_quote_size,cbrt_price,sqrt_price,weighted_price,square_price,midpoint_price,update_type,order_id,side,update_price,quantity,trader_id
19947946,0,0,0,0,-nan,-nan,-nan,-nan,0,ORDER,6304147982743044356,1,99.72,8041
19979041,99.72,0,8041,0,99.72,99.72,99.72,99.72,49.86,ORDER,3839523271487508586,1,99.73,7922
19990969,99.73,0,7922,0,99.73,99.73,99.73,99.73,49.865,ORDER,11150770876266057084,1,99.75,7808
19998561,99.75,0,7808,0,99.75,99.75,99.75,99.75,49.875,ORDER,7703537043020934050,1,99.77,6070
20017111,99.77,0,6070,0,99.77,99.77,99.77,99.77,49.885,ORDER,4789331703516907478,1,99.79,2449
20024466,99.79,0,2449,0,99.79,99.79,99.79,99.79,49.895,ORDER,10989604650692856348,1,99.78,4188
20031537,99.79,0,2449,0,99.79,99.79,99.79,99.79,49.895,ORDER,17765471431639805143,1,99.82,446
20038918,99.82,0,446,0,99.82,99.82,99.82,99.82,49.91,ORDER,8771566023889499287,1,99.83,423
20048307,99.83,0,423,0,99.83,99.83,99.83,99.83,49.915,ORDER,9517161387240241928,1,99.84,749
20055814,99.84,0,749,0,99.84,99.84,99.84,99.84,49.92,ORDER,17742842888180392100,1,99.8,3137
20062838,99.84,0,749,0,99.84,99.84,99.84,99.84,49.92,ORDER,12079001373903355517,1,99.85,446
20069718,99.85,0,446,0,99.85,99.85,99.85,99.85,49.925,ORDER,548976958845355425,0,100.19,1552
20077318,99.85,100.19,446,1552,100.058,100.071,100.114,100.164,100.02,ORDER,769874381399536134,1,99.74,9676
20096565,99.85,100.19,446,1552,100.058,100.071,100.114,100.164,100.02,ORDER,8762238382680982239,1,99.76,8889
20103532,99.85,100.19,446,1552,100.058,100.071,100.114,100.164,100.02,ORDER,4271377602788544868,1,99.81,1859
20110544,99.85,100.19,446,1552,100.058,100.071,100.114,100.164,100.02,ORDER,12144474912861387171,0,100.17,447
20117449,99.85,100.17,446,447,100.01,100.01,100.01,100.01,100.01,ORDER,7630554158426776364,0,100.24,5306
20124544,99.85,100.17,446,447,100.01,100.01,100.01,100.01,100.01,ORDER,15288547059672029932,0,100.14,512
20131125,99.85,100.14,446,512,100.005,99.9984,100.005,100.015,99.995,ORDER,6192862016721633159,0,100.22,5229
20138297,99.85,100.14,446,512,100.005,99.9984,100.005,100.015,99.995,ORDER,12200330219155950704,0,100.15,665
20145277,99.85,100.14,446,512,100.005,99.9984,100.005,100.015,99.995,ORDER,5617781293831331889,1,99.86,517
20152240,99.86,100.14,517,512,100,100,99.9993,99.9986,100,ORDER,16453251750032704594,0,100.2,2828
20159267,99.86,100.14,517,512,100,100,99.9993,99.9986,100,ORDER,17058958031084743452,0,100.18,558
20165947,99.86,100.14,517,512,100,100,99.9993,99.9986,100,ORDER,11322711660491828622,0,100.21,3043
20172442,99.86,100.14,517,512,100,100,99.9993,99.9986,100,ORDER,8933636668962865931,0,100.23,4077
20178892,99.86,100.14,517,512,100,100,99.9993,99.9986,100,ORDER,18390275080515778519,0,100.25,10118
20185342,99.86,100.14,517,512,100,100,99.9993,99.9986,100,ORDER,15774430515575900017,0,100.16,472
20191878,99.86,100.14,517,512,100,100,99.9993,99.9986,100,ORDER,10579788306328204839,0,100.27,6943
20198361,99.86,100.14,517,512,100,100,99.9993,99.9986,100,ORDER,1659631965917344332,0,100.26,9378
20204847,99.86,100.14,517,512,100,100,99.9993,99.9986,100,ORDER,11413329387647762703,0,100.28,9692
51936102,99.86,100.14,517,512,100,100,99.9993,99.9986,100,TRADE,2391817047362856967,0,99.86,203
88571504,99.86,100.14,314,512,100.02,100.018,100.034,100.063,100,CANCEL,548976958845355425,0,0,0
88591898,99.86,100.14,314,512,100.02,100.018,100.034,100.063,100,ORDER,10084197175804703511,0,100.19,417
88612566,99.86,100.14,314,512,100.02,100.018,100.034,100.063,100,CANCEL,7703537043020934050,0,0,0
88619763,99.86,100.14,314,512,100.02,100.018,100.034,100.063,100,ORDER,14606757089617997497,1,99.77,3254
88627327,99.86,100.14,314,512,100.02,100.018,100.034,100.063,100,CANCEL,18390275080515778519,0,0,0
88634233,99.86,100.14,314,512,100.02,100.018,100.034,100.063,100,ORDER,9524842775130337936,0,100.25,5344
88641669,99.86,100.14,314,512,100.02,100.018,100.034,100.063,100,CANCEL,10579788306328204839,0,0,0
88648546,99.86,100.14,314,512,100.02,100.018,100.034,100.063,100,ORDER,14195666551296242655,0,100.27,4250
88655796,99.86,100.14,314,512,100.02,100.018,100.034,100.063,100,CANCEL,4271377602788544868,0,0,0
88668035,99.86,100.14,314,512,100.02,100.018,100.034,100.063,100,ORDER,9476776622018278869,1,99.81,577
88675555,99.86,100.14,314,512,100.02,100.018,100.034,100.063,100,CANCEL,16453251750032704594,0,0,0
88682217,99.86,100.14,314,512,100.02,100.018,100.034,100.063,100,ORDER,1959254975097610006,0,100.2,1026
88689315,99.86,100.14,314,512,100.02,100.018,100.034,100.063,100,CANCEL,5617781293831331889,0,0,0
88695873,99.85,100.14,446,512,100.005,99.9984,100.005,100.015,99.995,CANCEL,6192862016721633159,0,0,0
88702834,99.85,100.14,446,512,100.005,99.9984,100.005,100.015,99.995,ORDER,11154610130131081107,0,100.22,2509
88710172,99.85,100.14,446,512,100.005,99.9984,100.005,100.015,99.995,CANCEL,15288547059672029932,0,0,0
88716980,99.85,100.15,446,665,100.01,100.013,100.03,100.057,100,CANCEL,17742842888180392100,0,0,0
88723628,99.85,100.15,446,665,100.01,100.013,100.03,100.057,100,ORDER,12807310272464615279,1,99.8,1569
88730673,99.85,100.15,446,665,100.01,100.013,100.03,100.057,100,ORDER,4103831430404311757,1,99.71,10682
88737657,99.85,100.15,446,665,100.01,100.013,100.03,100.057,100,ORDER,8613839283870866841,0,100.29,9554
143936288,99.85,100.15,446,665,100.01,100.013,100.03,100.057,100,TRADE,4703718227213190487,0,99.85,204
159939341,99.85,100.15,242,665,100.021,100.037,100.07,100.115,100,CANCEL,6304147982743044356,0,0,0
183930341,99.85,100.15,242,665,100.021,100.037,100.07,100.115,100,ORDER,3943487627345179411,0,100.19,2156
183949675,99.85,100.15,242,665,100.021,100.037,100.07,100.115,100,ORDER,11660543981620499775,0,100.27,4615
183957546,99.85,100.15,242,665,100.021,100.037,100.07,100.115,100,ORDER,16875578067495776110,1,99.81,2213
183965079,99.85,100.15,242,665,100.021,100.037,100.07,100.115,100,ORDER,14086733966926757779,0,100.25,3948
183972246,99.85,100.15,242,665,100.021,100.037,100.07,100.115,100,CANCEL,11413329387647762703,0,0,0
183979361,99.85,100.15,242,665,100.021,100.037,100.07,100.115,100,CANCEL,8613839283870866841,0,0,0
183987159,99.85,100.15,242,665,100.021,100.037,100.07,100.115,100,ORDER,2298132679771488226,1,99.85,405
183994458,99.85,100.15,647,665,100,100,100.002,100.004,100,ORDER,661092103757625906,1,99.8,2152
184001471,99.85,100.15,647,665,100,100,100.002,100.004,100,ORDER,10506217436895491046,0,100.22,3206
184008127,99.85,100.15,647,665,100,100,100.002,100.004,100,ORDER,3849977216727051889,0,100.2,2282
184014647,99.85,100.15,647,665,100,100,100.002,100.004,100,ORDER,16757120022404934415,0,100.21,2260
184021367,99.85,100.15,647,665,100,100,100.002,100.004,100,ORDER,11124065957468490370,0,100.18,1173
184031113,99.85,100.15,647,665,100,100,100.002,100.004,100,CANCEL,4103831430404311757,0,0,0
184037874,99.85,100.15,647,665,100,100,100.002,100.004,100,ORDER,18149833777322615200,1,99.77,4369
184044791,99.85,100.15,647,665,100,100,100.002,100.004,100,CANCEL,12200330219155950704,0,0,0
184051043,99.85,100.16,647,472,99.9947,99.9915,99.9808,99.9577,100.005,ORDER,834200668033215134,0,100.15,443
184059040,99.85,100.15,647,443,99.99,99.987,99.9719,99.9458,100,ORDER,6699313236463886416,1,99.79,2326
184066943,99.85,100.15,647,443,99.99,99.987,99.9719,99.9458,100,ORDER,18241320414782462017,1,99.82,978
184074855,99.85,100.15,647,443,99.99,99.987,99.9719,99.9458,100,CANCEL,9517161387240241928,0,0,0
184081974,99.85,100.15,647,443,99.99,99.987,99.9719,99.9458,100,ORDER,7664895759968023055,1,99.84,480
184089712,99.85,100.15,647,443,99.99,99.987,99.9719,99.9458,100,ORDER,1276795420362223227,0,100.13,515
184097302,99.85,100.13,647,515,99.99,99.9811,99.9741,99.9586,99.99,ORDER,10892920283902393531,0,100.14,526
184105124,99.85,100.13,647,515,99.99,99.9811,99.9741,99.9586,99.99,ORDER,12916304633042712318,1,99.86,365
184112902,99.86,100.13,365,515,100.004,100.005,100.018,100.04,99.995,ORDER,16894056912253344242,1,99.87,415
211944766,99.87,100.13,415,515,100.009,100.006,100.014,100.028,100,TRADE,4666128049351289735,0,99.87,180
223941838,99.87,100.13,235,515,100.019,100.025,100.049,100.085,100,CANCEL,8771566023889499287,0,0,0
235948848,99.87,100.13,235,515,100.019,100.025,100.049,100.085,100,CANCEL,7664895759968023055,0,0,0
247942266,99.87,100.13,235,515,100.019,100.025,100.049,100.085,100,CANCEL,11154610130131081107,0,0,0
263149354,99.87,100.13,235,515,100.019,100.025,100.049,100.085,100,CANCEL,10506217436895491046,0,0,0
263161242,99.87,100.13,235,515,100.019,100.025,100.049,100.085,100,ORDER,6124329305875252983,0,100.22,1946
263169615,99.87,100.13,235,515,100.019,100.025,100.049,100.085,100,CANCEL,1276795420362223227,0,0,0
263176240,99.87,100.14,235,526,100.024,100.031,100.057,100.095,100.005,CANCEL,9524842775130337936,0,0,0
263183107,99.87,100.14,235,526,100.024,100.031,100.057,100.095,100.005,CANCEL,14086733966926757779,0,0,0
263189794,99.87,100.14,235,526,100.024,100.031,100.057,100.095,100.005,ORDER,8018130286388532057,0,100.25,4646
263197177,99.87,100.14,235,526,100.024,100.031,100.057,100.095,100.005,CANCEL,10084197175804703511,0,0,0
263203934,99.87,100.14,235,526,100.024,100.031,100.057,100.095,100.005,CANCEL,3943487627345179411,0,0,0
263210386,99.87,100.14,235,526,100.024,100.031,100.057,100.095,100.005,ORDER,16659267604181277384,0,100.19,615
263217324,99.87,100.14,235,526,100.024,100.031,100.057,100.095,100.005,CANCEL,834200668033215134,0,0,0
263223816,99.87,100.14,235,526,100.024,100.031,100.057,100.095,100.005,CANCEL,18149833777322615200,0,0,0
263230498,99.87,100.14,235,526,100.024,100.031,100.057,100.095,100.005,CANCEL,14606757089617997497,0,0,0
263236959,99.87,100.14,235,526,100.024,100.031,100.057,100.095,100.005,ORDER,375616097416979924,1,99.77,1502
263244044,99.87,100.14,235,526,100.024,100.031,100.057,100.095,100.005,CANCEL,6699313236463886416,0,0,0
263250505,99.87,100.14,235,526,100.024,100.031,100.057,100.095,100.005,CANCEL,4789331703516907478,0,0,0
263256954,99.87,100.14,235,526,100.024,100.031,100.057,100.095,100.005,ORDER,3409838597522664213,1,99.79,657
263263832,99.87,100.14,235,526,100.024,100.031,100.057,100.095,100.005,CANCEL,10892920283902393531,0,0,0
263270214,99.87,100.16,235,472,100.026,100.039,100.064,100.102,100.015,CANCEL,16894056912253344242,0,0,0
263276886,99.86,100.16,365,472,100.01,100.018,100.029,100.048,100.01,CANCEL,1959254975097610006,0,0,0
263283723,99.86,100.16,365,472,100.01,100.018,100.029,100.048,100.01,CANCEL,3849977216727051889,0,0,0
263290351,99.86,100.16,365,472,100.01,100.018,100.029,100.048,100.01,ORDER,13144757910833513440,0,100.2,431
263297406,99.86,100.16,365,472,100.01,100.018,100.029,100.048,100.01,CANCEL,12916304633042712318,0,0,0
263304048,99.85,100.16,647,472,99.9947,99.9915,99.9808,99.9577,100.005,CANCEL,3839523271487508586,0,0,0
263311542,99.85,100.16,647,472,99.9947,99.9915,99.9808,99.9577,100.005,ORDER,794924177755355791,1,99.73,5178
263319156,99.85,100.16,647,472,99.9947,99.9915,99.9808,99.9577,100.005,CANCEL,12807310272464615279,0,0,0
263326191,99.85,100.16,647,472,99.9947,99.9915,99.9808,99.9577,100.005,CANCEL,661092103757625906,0,0,0
263333421,99.85,100.16,647,472,99.9947,99.9915,99.9808,99.9577,100.005,ORDER,11097569939329615095,1,99.8,504
263341253,99.85,100.16,647,472,99.9947,99.9915,99.9808,99.9577,100.005,CANCEL,12079001373903355517,0,0,0
263348341,99.85,100.16,405,472,100.005,100.009,100.017,100.029,100.005,CANCEL,2298132679771488226,0,0,0
263355023,99.82,100.16,1424,472,99.9522,99.9431,99.9046,99.8537,99.99,CANCEL,10989604650692856348,0,0,0
263362568,99.82,100.16,1424,472,99.9522,99.9431,99.9046,99.8537,99.99,ORDER,650759966384314020,1,99.78,468
263370205,99.82,100.16,1424,472,99.9522,99.9431,99.9046,99.8537,99.99,CANCEL,18241320414782462017,0,0,0
263377360,99.82,100.16,446,472,99.99,99.99,99.9948,99.9996,99.99,CANCEL,17765471431639805143,0,0,0
263384703,99.81,100.16,2790,472,99.9267,99.9107,99.8606,99.8197,99.985,ORDER,5211104755433124175,1,99.82,457
263392498,99.82,100.16,457,472,99.99,99.99,99.9927,99.9955,99.99,CANCEL,16875578067495776110,0,0,0
263399704,99.82,100.16,457,472,99.99,99.99,99.9927,99.9955,99.99,CANCEL,9476776622018278869,0,0,0
263407026,99.82,100.16,457,472,99.99,99.99,99.9927,99.9955,99.99,ORDER,12382025164652924643,1,99.81,417
263414645,99.82,100.16,457,472,99.99,99.99,99.9927,99.9955,99.99,CANCEL,8762238382680982239,0,0,0
263437864,99.82,100.16,457,472,99.99,99.99,99.9927,99.9955,99.99,ORDER,10100119143060096044,1,99.76,3061
263445837,99.82,100.16,457,472,99.99,99.99,99.9927,99.9955,99.99,CANCEL,769874381399536134,0,0,0
263452812,99.82,100.16,457,472,99.99,99.99,99.9927,99.9955,99.99,ORDER,3050130766247888161,1,99.74,4678
263460357,99.82,100.16,457,472,99.99,99.99,99.9927,99.9955,99.99,CANCEL,1659631965917344332,0,0,0
263467272,99.82,100.16,457,472,99.99,99.99,99.9927,99.9955,99.99,ORDER,13677787720346309978,0,100.26,4486
263474696,99.82,100.16,457,472,99.99,99.99,99.9927,99.9955,99.99,CANCEL,11150770876266057084,0,0,0
263481602,99.82,100.16,457,472,99.99,99.99,99.9927,99.9955,99.99,ORDER,5917902923088625239,1,99.75,2596
263489033,99.82,100.16,457,472,99.99,99.99,99.9927,99.9955,99.99,CANCEL,16757120022404934415,0,0,0
263495934,99.82,100.16,457,472,99.99,99.99,99.9927,99.9955,99.99,CANCEL,11322711660491828622,0,0,0
263502891,99.82,100.16,457,472,99.99,99.99,99.9927,99.9955,99.99,ORDER,11313769577219085844,0,100.21,1375
263510305,99.82,100.16,457,472,99.99,99.99,99.9927,99.9955,99.99,CANCEL,11124065957468490370,0,0,0
263517149,99.82,100.16,457,472,99.99,99.99,99.9927,99.9955,99.99,CANCEL,17058958031084743452,0,0,0
263524198,99.82,100.16,457,472,99.99,99.99,99.9927,99.9955,99.99,ORDER,1707108554722149333,0,100.18,464
263531604,99.82,100.16,457,472,99.99,99.99,99.9927,99.9955,99.99,ORDER,8514505777221584441,1,99.68,5898
263538969,99.82,100.16,457,472,99.99,99.99,99.9927,99.9955,99.99,ORDER,6255284993439037213,1,99.69,8727
263546507,99.82,100.16,457,472,99.99,99.99,99.9927,99.9955,99.99,ORDER,18037597373466311147,1,99.7,5824
263554017,99.82,100.16,457,472,99.99,99.99,99.9927,99.9955,99.99,ORDER,8461118357298027589,1,99.71,8953
263573319,99.82,100.16,457,472,99.99,99.99,99.9927,99.9955,99.99,ORDER,12525652939458017620,1,99.72,6104
263581099,99.82,100.16,457,472,99.99,99.99,99.9927,99.9955,99.99,ORDER,11334152118490403643,0,100.28,7697
263588664,99.82,100.16,457,472,99.99,99.99,99.9927,99.9955,99.99,ORDER,3702794734198757621,0,100.29,11472
263596321,99.82,100.16,457,472,99.99,99.99,99.9927,99.9955,99.99,ORDER,3059822403450140774,0,100.3,12333
263604198,99.82,100.16,457,472,99.99,99.99,99.9927,99.9955,99.99,TRADE,5806300630613540436,1,100.16,214
299947975,99.82,100.16,457,258,99.9769,99.967,99.9427,99.9022,99.99,TRADE,15584498949148984412,1,100.16,216
315938967,99.82,100.16,457,42,99.922,99.8956,99.8486,99.8228,99.99,ORDER,17491627644766099573,0,100.25,3889
327940354,99.82,100.16,457,42,99.922,99.8956,99.8486,99.8228,99.99,ORDER,10730049195373818376,0,100.19,2228
343936978,99.82,100.16,457,42,99.922,99.8956,99.8486,99.8228,99.99,ORDER,15976938854325346613,1,99.79,4697
343955431,99.82,100.16,457,42,99.922,99.8956,99.8486,99.8228,99.99,ORDER,14893281208663000701,0,100.24,3892
343964055,99.82,100.16,457,42,99.922,99.8956,99.8486,99.8228,99.99,ORDER,4876267838717662024,0,100.22,5788
343972136,99.82,100.16,457,42,99.922,99.8956,99.8486,99.8228,99.99,ORDER,16583685236173758545,1,99.77,5733
343980245,99.82,100.16,457,42,99.922,99.8956,99.8486,99.8228,99.99,CANCEL,12525652939458017620,0,0,0
343988615,99.82,100.16,457,42,99.922,99.8956,99.8486,99.8228,99.99,ORDER,3738285029776430862,0,100.2,4450
343996730,99.82,100.16,457,42,99.922,99.8956,99.8486,99.8228,99.99,CANCEL,794924177755355791,0,0,0
344004527,99.82,100.16,457,42,99.922,99.8956,99.8486,99.8228,99.99,CANCEL,6255284993439037213,0,0,0
344012001,99.82,100.16,457,42,99.922,99.8956,99.8486,99.8228,99.99,CANCEL,18037597373466311147,0,0,0
344019381,99.82,100.16,457,42,99.922,99.8956,99.8486,99.8228,99.99,ORDER,16084076986713908762,1,99.8,4458
344027387,99.82,100.16,457,42,99.922,99.8956,99.8486,99.8228,99.99,CANCEL,11334152118490403643,0,0,0
344035050,99.82,100.16,457,42,99.922,99.8956,99.8486,99.8228,99.99,CANCEL,3702794734198757621,0,0,0
344042332,99.82,100.16,457,42,99.922,99.8956,99.8486,99.8228,99.99,CANCEL,8461118357298027589,0,0,0
344049532,99.82,100.16,457,42,99.922,99.8956,99.8486,99.8228,99.99,CANCEL,3059822403450140774,0,0,0
344056742,99.82,100.16,457,42,99.922,99.8956,99.8486,99.8228,99.99,CANCEL,8514505777221584441,0,0,0
344070320,99.82,100.16,457,42,99.922,99.8956,99.8486,99.8228,99.99,ORDER,1658324229857709175,0,100.18,2613
344078464,99.82,100.16,457,42,99.922,99.8956,99.8486,99.8228,99.99,ORDER,5313806094053334712,0,100.21,3235
344086181,99.82,100.16,457,42,99.922,99.8956,99.8486,99.8228,99.99,ORDER,5326111634316719207,1,99.75,8168
344094083,99.82,100.16,457,42,99.922,99.8956,99.8486,99.8228,99.99,CANCEL,14195666551296242655,0,0,0
344101527,99.82,100.16,457,42,99.922,99.8956,99.8486,99.8228,99.99,CANCEL,11660543981620499775,0,0,0
344108787,99.82,100.16,457,42,99.922,99.8956,99.8486,99.8228,99.99,ORDER,16086937931437428756,0,100.16,347
344116570,99.82,100.16,457,389,99.99,99.9815,99.9763,99.9628,99.99,ORDER,14927564931821655475,0,100.26,3853
344124371,99.82,100.16,457,389,99.99,99.9815,99.9763,99.9628,99.99,ORDER,9417824197927507335,1,99.74,11262
344132297,99.82,100.16,457,389,99.99,99.9815,99.9763,99.9628,99.99,ORDER,7835774290483008189,0,100.17,1003
344139958,99.82,100.16,457,389,99.99,99.9815,99.9763,99.9628,99.99,ORDER,4114589857739937184,1,99.76,3955
344147686,99.82,100.16,457,389,99.99,99.9815,99.9763,99.9628,99.99,ORDER,10607363675886786106,1,99.81,3870
344155474,99.82,100.16,457,389,99.99,99.9815,99.9763,99.9628,99.99,ORDER,16269958456171109637,1,99.78,6845
344163322,99.82,100.16,457,389,99.99,99.9815,99.9763,99.9628,99.99,ORDER,13816436940118525405,1,99.82,2603
344171115,99.82,100.16,3060,389,99.9333,99.9073,99.8583,99.8254,99.99,ORDER,1762532960575597709,1,99.83,1324
344179036,99.83,100.16,1324,389,99.9659,99.944,99.9049,99.8562,99.995,ORDER,10875804451591108600,1,99.84,387
344190011,99.84,100.16,387,389,100,100,100,100.001,100,ORDER,11309494637356735013,1,99.85,558
344197234,99.85,100.16,558,389,99.9947,99.9902,99.9773,99.9514,100.005,ORDER,11627153266208359362,1,99.87,571
344205143,99.87,100.16,571,389,100.005,100.001,99.9875,99.9619,100.015,ORDER,1704538917266602022,0,100.14,356
344212605,99.87,100.14,571,356,99.996,99.9885,99.9737,99.9456,100.005,ORDER,13185918409070093660,0,100.15,290
344220172,99.87,100.14,571,356,99.996,99.9885,99.9737,99.9456,100.005,ORDER,8605088491410526299,0,100.12,701
344227611,99.87,100.12,571,701,99.995,100.003,100.008,100.02,99.995,ORDER,10758596182338504727,0,100.13,472
344234839,99.87,100.12,571,701,99.995,100.003,100.008,100.02,99.995,ORDER,14228902209861859467,1,99.86,458
344241961,99.87,100.12,571,701,99.995,100.003,100.008,100.02,99.995,ORDER,2471962582428821165,1,99.88,470
344249074,99.88,100.12,470,701,100.008,100.013,100.024,100.046,100,ORDER,11392204168962581298,0,100.16,30000
372304371,99.88,100.12,470,701,100.008,100.013,100.024,100.046,100,ORDER,15943585150269563626,1,99.79,1319
403937793,99.88,100.12,470,701,100.008,100.013,100.024,100.046,100,CANCEL,7630554158426776364,0,0,0
403958348,99.88,100.12,470,701,100.008,100.013,100.024,100.046,100,ORDER,14160435975982747376,0,100.24,3018
403966537,99.88,100.12,470,701,100.008,100.013,100.024,100.046,100,ORDER,495438112088429384,1,99.77,1987
403974379,99.88,100.12,470,701,100.008,100.013,100.024,100.046,100,ORDER,16766083412743798221,1,99.7,6501
403981947,99.88,100.12,470,701,100.008,100.013,100.024,100.046,100,ORDER,3967956335846692135,1,99.75,2199
403989337,99.88,100.12,470,701,100.008,100.013,100.024,100.046,100,ORDER,3181898755017249525,0,100.16,512
403996720,99.88,100.12,470,701,100.008,100.013,100.024,100.046,100,ORDER,8051634548891110846,0,100.26,2585
404003558,99.88,100.12,470,701,100.008,100.013,100.024,100.046,100,ORDER,6936789699762551895,1,99.78,1630
404010690,99.88,100.12,470,701,100.008,100.013,100.024,100.046,100,CANCEL,10730049195373818376,0,0,0
404017655,99.88,100.12,470,701,100.008,100.013,100.024,100.046,100,CANCEL,16659267604181277384,0,0,0
404024392,99.88,100.12,470,701,100.008,100.013,100.024,100.046,100,ORDER,3994837662781462758,0,100.19,523
404031690,99.88,100.12,470,701,100.008,100.013,100.024,100.046,100,ORDER,5923531042726338684,1,99.83,505
404038819,99.88,100.12,470,701,100.008,100.013,100.024,100.046,100,ORDER,14758434208832883919,1,99.84,538
404045874,99.88,100.12,470,701,100.008,100.013,100.024,100.046,100,TRADE,4140168168441652999,1,100.12,191
404070240,99.88,100.12,470,510,100,100.003,100.005,100.01,100,TRADE,3387423770798316792,0,99.88,219
423936626,99.88,100.12,251,510,100.009,100.023,100.041,100.073,100,CANCEL,2471962582428821165,0,0,0
423956859,99.87,100.12,571,510,99.9867,99.9922,99.9879,99.9809,99.995,CANCEL,8933636668962865931,0,0,0
423964298,99.87,100.12,571,510,99.9867,99.9922,99.9879,99.9809,99.995,ORDER,1883822978388086315,0,100.23,1490
423971508,99.87,100.12,571,510,99.9867,99.9922,99.9879,99.9809,99.995,CANCEL,8018130286388532057,0,0,0
423978343,99.87,100.12,571,510,99.9867,99.9922,99.9879,99.9809,99.995,CANCEL,17491627644766099573,0,0,0
423984881,99.87,100.12,571,510,99.9867,99.9922,99.9879,99.9809,99.995,ORDER,9664761583125063663,0,100.25,3554
423991772,99.87,100.12,571,510,99.9867,99.9922,99.9879,99.9809,99.995,CANCEL,4876267838717662024,0,0,0
423998480,99.87,100.12,571,510,99.9867,99.9922,99.9879,99.9809,99.995,CANCEL,6124329305875252983,0,0,0
424004878,99.87,100.12,571,510,99.9867,99.9922,99.9879,99.9809,99.995,ORDER,3989155166973592868,0,100.22,503
424011619,99.87,100.12,571,510,99.9867,99.9922,99.9879,99.9809,99.995,CANCEL,16583685236173758545,0,0,0
424017901,99.87,100.12,571,510,99.9867,99.9922,99.9879,99.9809,99.995,CANCEL,495438112088429384,0,0,0
424024234,99.87,100.12,571,510,99.9867,99.9922,99.9879,99.9809,99.995,CANCEL,375616097416979924,0,0,0
424030426,99.87,100.12,571,510,99.9867,99.9922,99.9879,99.9809,99.995,ORDER,2293599493247650965,1,99.77,1088
424037256,99.87,100.12,571,510,99.9867,99.9922,99.9879,99.9809,99.995,CANCEL,11313769577219085844,0,0,0
424043497,99.87,100.12,571,510,99.9867,99.9922,99.9879,99.9809,99.995,CANCEL,5313806094053334712,0,0,0
424049932,99.87,100.12,571,510,99.9867,99.9922,99.9879,99.9809,99.995,ORDER,1494325253395469671,0,100.21,595
424056683,99.87,100.12,571,510,99.9867,99.9922,99.9879,99.9809,99.995,CANCEL,1658324229857709175,0,0,0
424062939,99.87,100.12,571,510,99.9867,99.9922,99.9879,99.9809,99.995,CANCEL,1707108554722149333,0,0,0
424069207,99.87,100.12,571,510,99.9867,99.9922,99.9879,99.9809,99.995,ORDER,15438842532504539101,0,100.18,562
424075915,99.87,100.12,571,510,99.9867,99.9922,99.9879,99.9809,99.995,CANCEL,3967956335846692135,0,0,0
424082127,99.87,100.12,571,510,99.9867,99.9922,99.9879,99.9809,99.995,CANCEL,5917902923088625239,0,0,0
424088319,99.87,100.12,571,510,99.9867,99.9922,99.9879,99.9809,99.995,CANCEL,5326111634316719207,0,0,0
424094588,99.87,100.12,571,510,99.9867,99.9922,99.9879,99.9809,99.995,ORDER,8727988865229899246,1,99.75,3024
424101318,99.87,100.12,571,510,99.9867,99.9922,99.9879,99.9809,99.995,CANCEL,14758434208832883919,0,0,0
424107558,99.87,100.12,571,510,99.9867,99.9922,99.9879,99.9809,99.995,CANCEL,10875804451591108600,0,0,0
424113850,99.87,100.12,571,510,99.9867,99.9922,99.9879,99.9809,99.995,CANCEL,3181898755017249525,0,0,0
424120049,99.87,100.12,571,510,99.9867,99.9922,99.9879,99.9809,99.995,CANCEL,16086937931437428756,0,0,0
424126251,99.87,100.12,571,510,99.9867,99.9922,99.9879,99.9809,99.995,CANCEL,15774430515575900017,0,0,0
424132559,99.87,100.12,571,510,99.9867,99.9922,99.9879,99.9809,99.995,CANCEL,8051634548891110846,0,0,0
424138797,99.87,100.12,571,510,99.9867,99.9922,99.9879,99.9809,99.995,CANCEL,14927564931821655475,0,0,0
424145086,99.87,100.12,571,510,99.9867,99.9922,99.9879,99.9809,99.995,CANCEL,13677787720346309978,0,0,0
424151324,99.87,100.12,571,510,99.9867,99.9922,99.9879,99.9809,99.995,ORDER,503933133395081181,0,100.26,4867
424158031,99.87,100.12,571,510,99.9867,99.9922,99.9879,99.9809,99.995,CANCEL,13816436940118525405,0,0,0
424164335,99.87,100.12,571,510,99.9867,99.9922,99.9879,99.9809,99.995,CANCEL,5211104755433124175,0,0,0
424170595,99.87,100.12,571,510,99.9867,99.9922,99.9879,99.9809,99.995,ORDER,6932436580717146102,1,99.82,490
424177318,99.87,100.12,571,510,99.9867,99.9922,99.9879,99.9809,99.995,CANCEL,6936789699762551895,0,0,0
424183514,99.87,100.12,571,510,99.9867,99.9922,99.9879,99.9809,99.995,CANCEL,16269958456171109637,0,0,0
424189754,99.87,100.12,571,510,99.9867,99.9922,99.9879,99.9809,99.995,CANCEL,650759966384314020,0,0,0
424199971,99.87,100.12,571,510,99.9867,99.9922,99.9879,99.9809,99.995,ORDER,9177672450140313130,1,99.78,674
424206898,99.87,100.12,571,510,99.9867,99.9922,99.9879,99.9809,99.995,CANCEL,15943585150269563626,0,0,0
424213138,99.87,100.12,571,510,99.9867,99.9922,99.9879,99.9809,99.995,CANCEL,15976938854325346613,0,0,0
424219315,99.87,100.12,571,510,99.9867,99.9922,99.9879,99.9809,99.995,CANCEL,3409838597522664213,0,0,0
424225516,99.87,100.12,571,510,99.9867,99.9922,99.9879,99.9809,99.995,ORDER,16115596020104360407,1,99.79,433
424232177,99.87,100.12,571,510,99.9867,99.9922,99.9879,99.9809,99.995,CANCEL,12382025164652924643,0,0,0
424238385,99.87,100.12,571,510,99.9867,99.9922,99.9879,99.9809,99.995,CANCEL,10607363675886786106,0,0,0
424244695,99.87,100.12,571,510,99.9867,99.9922,99.9879,99.9809,99.995,ORDER,1207180739496735453,1,99.81,513
424251335,99.87,100.12,571,510,99.9867,99.9922,99.9879,99.9809,99.995,CANCEL,9417824197927507335,0,0,0
424257521,99.87,100.12,571,510,99.9867,99.9922,99.9879,99.9809,99.995,CANCEL,3050130766247888161,0,0,0
424263816,99.87,100.12,571,510,99.9867,99.9922,99.9879,99.9809,99.995,ORDER,3611233891149848997,1,99.74,5225
424270601,99.87,100.12,571,510,99.9867,99.9922,99.9879,99.9809,99.995,CANCEL,7835774290483008189,0,0,0
424276871,99.87,100.12,571,510,99.9867,99.9922,99.9879,99.9809,99.995,CANCEL,12144474912861387171,0,0,0
424283205,99.87,100.12,571,510,99.9867,99.9922,99.9879,99.9809,99.995,CANCEL,4114589857739937184,0,0,0
424289512,99.87,100.12,571,510,99.9867,99.9922,99.9879,99.9809,99.995,CANCEL,10100119143060096044,0,0,0
424295760,99.87,100.12,571,510,99.9867,99.9922,99.9879,99.9809,99.995,ORDER,5940597511403086280,1,99.76,2952
424302385,99.87,100.12,571,510,99.9867,99.9922,99.9879,99.9809,99.995,CANCEL,5923531042726338684,0,0,0
424308545,99.87,100.12,571,510,99.9867,99.9922,99.9879,99.9809,99.995,CANCEL,1762532960575597709,0,0,0
424314757,99.87,100.12,571,510,99.9867,99.9922,99.9879,99.9809,99.995,CANCEL,14160435975982747376,0,0,0
424320982,99.87,100.12,571,510,99.9867,99.9922,99.9879,99.9809,99.995,CANCEL,14893281208663000701,0,0,0
424327199,99.87,100.12,571,510,99.9867,99.9922,99.9879,99.9809,99.995,ORDER,9454247031664732673,0,100.24,2473
424333816,99.87,100.12,571,510,99.9867,99.9922,99.9879,99.9809,99.995,CANCEL,10758596182338504727,0,0,0
424340007,99.87,100.12,571,510,99.9867,99.9922,99.9879,99.9809,99.995,CANCEL,8605088491410526299,0,0,0
424346290,99.87,100.14,571,356,99.996,99.9885,99.9737,99.9456,100.005,CANCEL,3738285029776430862,0,0,0
424352582,99.87,100.14,571,356,99.996,99.9885,99.9737,99.9456,100.005,CANCEL,13144757910833513440,0,0,0
424358824,99.87,100.14,571,356,99.996,99.9885,99.9737,99.9456,100.005,ORDER,8968727334432907543,0,100.2,445
424365382,99.87,100.14,571,356,99.996,99.9885,99.9737,99.9456,100.005,CANCEL,14228902209861859467,0,0,0
424371601,99.87,100.14,571,356,99.996,99.9885,99.9737,99.9456,100.005,CANCEL,13185918409070093660,0,0,0
424377815,99.87,100.14,571,356,99.996,99.9885,99.9737,99.9456,100.005,CANCEL,1704538917266602022,0,0,0
424383979,99.87,100.16,571,30000,100.101,100.126,100.155,100.16,100.015,CANCEL,11627153266208359362,0,0,0
424390051,99.85,100.16,558,30000,100.096,100.124,100.154,100.16,100.005,CANCEL,16084076986713908762,0,0,0
424396116,99.85,100.16,558,30000,100.096,100.124,100.154,100.16,100.005,CANCEL,11097569939329615095,0,0,0
424402236,99.85,100.16,558,30000,100.096,100.124,100.154,100.16,100.005,ORDER,11362694597403059969,1,99.8,518
424408848,99.85,100.16,558,30000,100.096,100.124,100.154,100.16,100.005,CANCEL,11309494637356735013,0,0,0
424414868,99.82,100.16,490,30000,100.097,100.122,100.155,100.16,99.99,ORDER,678459764201988419,1,99.68,12034
424421614,99.82,100.16,490,30000,100.097,100.122,100.155,100.16,99.99,ORDER,2154671446347647979,1,99.69,11014
424428362,99.82,100.16,490,30000,100.097,100.122,100.155,100.16,99.99,ORDER,13221599837785405032,1,99.71,6693
424435094,99.82,100.16,490,30000,100.097,100.122,100.155,100.16,99.99,ORDER,8938496300942702844,1,99.72,5919
424441782,99.82,100.16,490,30000,100.097,100.122,100.155,100.16,99.99,ORDER,10737952348794177156,1,99.73,5998
424451181,99.82,100.16,490,30000,100.097,100.122,100.155,100.16,99.99,ORDER,2672974266633735894,0,100.31,9897
424457746,99.82,100.16,490,30000,100.097,100.122,100.155,100.16,99.99,ORDER,7310136805268121788,0,100.27,5636
424464380,99.82,100.16,490,30000,100.097,100.122,100.155,100.16,99.99,ORDER,9620513304543332447,0,100.28,7179
424470821,99.82,100.16,490,30000,100.097,100.122,100.155,100.16,99.99,ORDER,1585488728938865502,0,100.29,5556
424477231,99.82,100.16,490,30000,100.097,100.122,100.155,100.16,99.99,ORDER,14413947442928679807,0,100.3,10770
424483886,99.82,100.16,490,30000,100.097,100.122,100.155,100.16,99.99,ORDER,17046769254990673790,0,100.32,9052
456305467,99.82,100.16,490,30000,100.097,100.122,100.155,100.16,99.99,TRADE,12894122990637756187,0,99.82,199
481044978,99.82,100.16,291,30000,100.105,100.13,100.157,100.16,99.99,CANCEL,11392204168962581298,0,0,0
481065987,99.82,100.18,291,562,100.026,100.027,100.057,100.104,100,ORDER,7833656420364276428,0,100.08,30000
491942309,99.82,100.08,291,30000,100.038,100.057,100.078,100.08,99.95,CANCEL,7833656420364276428,0,0,0
503935761,99.82,100.18,291,562,100.026,100.027,100.057,100.104,100,ORDER,8829367980829649967,0,100.06,30000
503950202,99.82,100.06,291,30000,100.021,100.039,100.058,100.06,99.94,TRADE,3398026781230696990,1,100.06,177
503956987,99.82,100.06,291,29823,100.021,100.038,100.058,100.06,99.94,TRADE,11999995905208429138,0,99.82,223
503964070,99.82,100.06,68,29823,100.033,100.049,100.059,100.06,99.94,TRADE,5164567374412098654,0,99.82,68
503971374,99.81,100.06,513,29823,100.009,100.032,100.056,100.06,99.935,TRADE,5164567374412098654,0,99.81,107
527451895,99.81,100.06,406,29823,100.014,100.034,100.057,100.06,99.935,TRADE,2233300442420285710,0,99.81,215
551934527,99.81,100.06,191,29823,100.025,100.042,100.058,100.06,99.935,ORDER,9948471094262088803,1,99.75,1587
551952071,99.81,100.06,191,29823,100.025,100.042,100.058,100.06,99.935,ORDER,1142917417105402975,0,100.25,6307
551959625,99.81,100.06,191,29823,100.025,100.042,100.058,100.06,99.935,ORDER,17371823013745730189,0,100.23,2678
551966261,99.81,100.06,191,29823,100.025,100.042,100.058,100.06,99.935,ORDER,5381231838948531353,0,100.22,3242
551972983,99.81,100.06,191,29823,100.025,100.042,100.058,100.06,99.935,ORDER,15927026173536675256,1,99.7,3359
551979787,99.81,100.06,191,29823,100.025,100.042,100.058,100.06,99.935,ORDER,111272019641198145,1,99.77,1060
551986745,99.81,100.06,191,29823,100.025,100.042,100.058,100.06,99.935,ORDER,12518409180449210668,0,100.21,2218
551993206,99.81,100.06,191,29823,100.025,100.042,100.058,100.06,99.935,CANCEL,2672974266633735894,0,0,0
551999620,99.81,100.06,191,29823,100.025,100.042,100.058,100.06,99.935,ORDER,8642728791007141517,0,100.27,4556
552006027,99.81,100.06,191,29823,100.025,100.042,100.058,100.06,99.935,ORDER,4956172161756431879,0,100.28,4853
552012172,99.81,100.06,191,29823,100.025,100.042,100.058,100.06,99.935,ORDER,339345728222269453,0,100.29,4158
552018463,99.81,100.06,191,29823,100.025,100.042,100.058,100.06,99.935,CANCEL,14413947442928679807,0,0,0
552024415,99.81,100.06,191,29823,100.025,100.042,100.058,100.06,99.935,ORDER,9610752029076544432,0,100.24,2279
552030708,99.81,100.06,191,29823,100.025,100.042,100.058,100.06,99.935,CANCEL,678459764201988419,0,0,0
552036694,99.81,100.06,191,29823,100.025,100.042,100.058,100.06,99.935,CANCEL,17046769254990673790,0,0,0
552042682,99.81,100.06,191,29823,100.025,100.042,100.058,100.06,99.935,ORDER,16344641463917008739,0,100.2,554
552048907,99.81,100.06,191,29823,100.025,100.042,100.058,100.06,99.935,ORDER,894977222339504072,1,99.78,906
552055316,99.81,100.06,191,29823,100.025,100.042,100.058,100.06,99.935,ORDER,13622456236186210710,1,99.82,459
552061646,99.82,100.06,459,29823,100.016,100.034,100.056,100.06,99.94,ORDER,17510070541319178703,1,99.83,506
552068266,99.83,100.06,506,29823,100.018,100.034,100.056,100.06,99.945,ORDER,16513676170780730189,0,100.17,536
552074738,99.83,100.06,506,29823,100.018,100.034,100.056,100.06,99.945,ORDER,12936085723882642957,0,100.15,376
552088749,99.83,100.06,506,29823,100.018,100.034,100.056,100.06,99.945,ORDER,12455249574114299587,0,100.16,523
552095619,99.83,100.06,506,29823,100.018,100.034,100.056,100.06,99.945,TRADE,3528713831339379566,0,99.83,204
552102075,99.83,100.06,302,29823,100.023,100.039,100.058,100.06,99.945,ORDER,18091488439423265127,0,100.23,3873
552108514,99.83,100.06,302,29823,100.023,100.039,100.058,100.06,99.945,ORDER,6638484095433921746,0,100.22,2485
552114984,99.83,100.06,302,29823,100.023,100.039,100.058,100.06,99.945,ORDER,17663135577680300945,1,99.77,1329
552121654,99.83,100.06,302,29823,100.023,100.039,100.058,100.06,99.945,ORDER,6138566100180660640,0,100.21,1567
552128221,99.83,100.06,302,29823,100.023,100.039,100.058,100.06,99.945,ORDER,6374875359771718444,0,100.26,3833
552134624,99.83,100.06,302,29823,100.023,100.039,100.058,100.06,99.945,ORDER,13925253250005794628,0,100.27,3613
552141218,99.83,100.06,302,29823,100.023,100.039,100.058,100.06,99.945,ORDER,13498451676349265297,0,100.29,5845
552147716,99.83,100.06,302,29823,100.023,100.039,100.058,100.06,99.945,ORDER,8522352259855999972,1,99.72,3343
552154416,99.83,100.06,302,29823,100.023,100.039,100.058,100.06,99.945,ORDER,14255209801193291997,0,100.24,3646
552160970,99.83,100.06,302,29823,100.023,100.039,100.058,100.06,99.945,ORDER,12158298055297786644,0,100.2,1248
552167387,99.83,100.06,302,29823,100.023,100.039,100.058,100.06,99.945,ORDER,13399883944863028153,1,99.81,302
552173894,99.83,100.06,302,29823,100.023,100.039,100.058,100.06,99.945,ORDER,13311335088063211842,1,99.78,823
552180523,99.83,100.06,302,29823,100.023,100.039,100.058,100.06,99.945,ORDER,6075444737395640508,1,99.82,500
552187024,99.83,100.06,302,29823,100.023,100.039,100.058,100.06,99.945,ORDER,2996722310896735929,1,99.83,578
552193555,99.83,100.06,880,29823,100.008,100.027,100.053,100.06,99.945,ORDER,15280173883559963044,0,100.17,408
552200193,99.83,100.06,880,29823,100.008,100.027,100.053,100.06,99.945,ORDER,14735638328721908816,0,100.15,492
552206783,99.83,100.06,880,29823,100.008,100.027,100.053,100.06,99.945,ORDER,12095748823861888388,0,100.16,596
595940255,99.83,100.06,880,29823,100.008,100.027,100.053,100.06,99.945,ORDER,6249182728546433401,1,99.8,2170
595979342,99.83,100.06,880,29823,100.008,100.027,100.053,100.06,99.945,ORDER,10099653667574991610,0,100.19,2808
595988067,99.83,100.06,880,29823,100.008,100.027,100.053,100.06,99.945,ORDER,10715180296153173521,1,99.79,3721
595996484,99.83,100.06,880,29823,100.008,100.027,100.053,100.06,99.945,CANCEL,12936085723882642957,0,0,0
596004622,99.83,100.06,880,29823,100.008,100.027,100.053,100.06,99.945,CANCEL,14735638328721908816,0,0,0
596011644,99.83,100.06,880,29823,100.008,100.027,100.053,100.06,99.945,ORDER,16755176339499922086,0,100.15,561
596019094,99.83,100.06,880,29823,100.008,100.027,100.053,100.06,99.945,CANCEL,2154671446347647979,0,0,0
596026101,99.83,100.06,880,29823,100.008,100.027,100.053,100.06,99.945,CANCEL,13221599837785405032,0,0,0
596032904,99.83,100.06,880,29823,100.008,100.027,100.053,100.06,99.945,ORDER,14372312693257700022,1,99.73,4351
596040474,99.83,100.06,880,29823,100.008,100.027,100.053,100.06,99.945,ORDER,5185247146830617229,1,99.75,4435
596047847,99.83,100.06,880,29823,100.008,100.027,100.053,100.06,99.945,CANCEL,15927026173536675256,0,0,0
596055012,99.83,100.06,880,29823,100.008,100.027,100.053,100.06,99.945,CANCEL,16766083412743798221,0,0,0
596061875,99.83,100.06,880,29823,100.008,100.027,100.053,100.06,99.945,CANCEL,13498451676349265297,0,0,0
596068662,99.83,100.06,880,29823,100.008,100.027,100.053,100.06,99.945,CANCEL,339345728222269453,0,0,0
596075397,99.83,100.06,880,29823,100.008,100.027,100.053,100.06,99.945,CANCEL,1585488728938865502,0,0,0
596082178,99.83,100.06,880,29823,100.008,100.027,100.053,100.06,99.945,CANCEL,4956172161756431879,0,0,0
596089111,99.83,100.06,880,29823,100.008,100.027,100.053,100.06,99.945,CANCEL,9620513304543332447,0,0,0
596095879,99.83,100.06,880,29823,100.008,100.027,100.053,100.06,99.945,CANCEL,2996722310896735929,0,0,0
596102683,99.83,100.06,302,29823,100.023,100.039,100.058,100.06,99.945,CANCEL,17510070541319178703,0,0,0
596121094,99.82,100.06,959,29823,100.006,100.024,100.053,100.06,99.94,ORDER,4598931821820099185,1,99.83,522
596128814,99.83,100.06,522,29823,100.013,100.034,100.056,100.06,99.945,ORDER,10341194525192092874,0,100.18,2654
596136032,99.83,100.06,522,29823,100.013,100.034,100.056,100.06,99.945,ORDER,14123660652038670846,0,100.2,1730
596143133,99.83,100.06,522,29823,100.013,100.034,100.056,100.06,99.945,ORDER,13161204878760149390,1,99.78,2458
596150436,99.83,100.06,522,29823,100.013,100.034,100.056,100.06,99.945,CANCEL,6075444737395640508,0,0,0
596157173,99.83,100.06,522,29823,100.013,100.034,100.056,100.06,99.945,CANCEL,13622456236186210710,0,0,0
596164015,99.83,100.06,522,29823,100.013,100.034,100.056,100.06,99.945,ORDER,7286248248325133973,1,99.82,368
596171282,99.83,100.06,522,29823,100.013,100.034,100.056,100.06,99.945,CANCEL,13925253250005794628,0,0,0
596177890,99.83,100.06,522,29823,100.013,100.034,100.056,100.06,99.945,CANCEL,7310136805268121788,0,0,0
596184674,99.83,100.06,522,29823,100.013,100.034,100.056,100.06,99.945,CANCEL,8642728791007141517,0,0,0
596191438,99.83,100.06,522,29823,100.013,100.034,100.056,100.06,99.945,CANCEL,12455249574114299587,0,0,0
596198156,99.83,100.06,522,29823,100.013,100.034,100.056,100.06,99.945,CANCEL,12095748823861888388,0,0,0
596204910,99.83,100.06,522,29823,100.013,100.034,100.056,100.06,99.945,ORDER,17587466240212763279,0,100.16,663
596212135,99.83,100.06,522,29823,100.013,100.034,100.056,100.06,99.945,ORDER,15106108759877843198,1,99.76,4864
596219308,99.83,100.06,522,29823,100.013,100.034,100.056,100.06,99.945,ORDER,9571569601447575465,1,99.74,3257
596226627,99.83,100.06,522,29823,100.013,100.034,100.056,100.06,99.945,ORDER,17703322970778974928,1,99.81,1186
596233764,99.83,100.06,522,29823,100.013,100.034,100.056,100.06,99.945,ORDER,5435837255435253609,1,99.77,3106
596243765,99.83,100.06,522,29823,100.013,100.034,100.056,100.06,99.945,ORDER,17415079608751017448,1,99.84,578
596250904,99.84,100.06,578,29823,100.015,100.033,100.056,100.06,99.95,ORDER,4001145040992046440,1,99.85,512
596257881,99.85,100.06,512,29823,100.017,100.036,100.056,100.06,99.955,ORDER,17488185651956163908,0,100.14,706
596265086,99.85,100.06,512,29823,100.017,100.036,100.056,100.06,99.955,ORDER,9209556059924966472,0,100.12,496
596272333,99.85,100.06,512,29823,100.017,100.036,100.056,100.06,99.955,ORDER,6504433691181469238,0,100.13,499
596279525,99.85,100.06,512,29823,100.017,100.036,100.056,100.06,99.955,ORDER,7939660274562191896,1,99.86,433
596286870,99.86,100.06,433,29823,100.023,100.039,100.057,100.06,99.96,TRADE,12197860919638546633,0,99.86,192
596294142,99.86,100.06,241,29823,100.028,100.044,100.058,100.06,99.96,CANCEL,8829367980829649967,0,0,0
596300919,99.86,100.12,241,496,100,100.015,100.035,100.07,99.99,ORDER,7142969185071311928,0,100.02,29823
641727165,99.86,100.02,241,29823,99.9941,100.007,100.019,100.02,99.94,TRADE,10440791818805009477,0,99.86,212
651938776,99.86,100.02,29,29823,100.006,100.015,100.02,100.02,99.94,ORDER,10355601134341787472,0,100.16,456
665208466,99.86,100.02,29,29823,100.006,100.015,100.02,100.02,99.94,CANCEL,6374875359771718444,0,0,0
665226675,99.86,100.02,29,29823,100.006,100.015,100.02,100.02,99.94,CANCEL,503933133395081181,0,0,0
665245720,99.86,100.02,29,29823,100.006,100.015,100.02,100.02,99.94,ORDER,17214795546290477211,1,99.82,1002
665254362,99.86,100.02,29,29823,100.006,100.015,100.02,100.02,99.94,ORDER,11898573572875292354,0,100.17,2202
665262169,99.86,100.02,29,29823,100.006,100.015,100.02,100.02,99.94,ORDER,1867525773938542148,1,99.86,222
665270033,99.86,100.02,251,29823,99.9941,100.007,100.019,100.02,99.94,ORDER,12423787275178072575,0,100.2,2588
665283746,99.86,100.02,251,29823,99.9941,100.007,100.019,100.02,99.94,CANCEL,8522352259855999972,0,0,0
665291579,99.86,100.02,251,29823,99.9941,100.007,100.019,100.02,99.94,CANCEL,8938496300942702844,0,0,0
665298622,99.86,100.02,251,29823,99.9941,100.007,100.019,100.02,99.94,ORDER,5436705681900379831,0,100.11,487
665306016,99.86,100.02,251,29823,99.9941,100.007,100.019,100.02,99.94,ORDER,6566969161910580683,1,99.87,586
683944433,99.87,100.02,586,29823,99.9892,100.002,100.017,100.02,99.945,ORDER,16029933590601694879,0,100.15,957
683962183,99.87,100.02,586,29823,99.9892,100.002,100.017,100.02,99.945,CANCEL,10715180296153173521,0,0,0
683969837,99.87,100.02,586,29823,99.9892,100.002,100.017,100.02,99.945,CANCEL,16115596020104360407,0,0,0
683977019,99.87,100.02,586,29823,99.9892,100.002,100.017,100.02,99.945,ORDER,11871740480013252149,1,99.79,2594
683984424,99.87,100.02,586,29823,99.9892,100.002,100.017,100.02,99.945,CANCEL,1142917417105402975,0,0,0
683991324,99.87,100.02,586,29823,99.9892,100.002,100.017,100.02,99.945,CANCEL,9664761583125063663,0,0,0
683998047,99.87,100.02,586,29823,99.9892,100.002,100.017,100.02,99.945,ORDER,5702758973938161106,0,100.16,619
684005615,99.87,100.02,586,29823,99.9892,100.002,100.017,100.02,99.945,ORDER,5242592647855229378,0,100.17,3144
684012612,99.87,100.02,586,29823,99.9892,100.002,100.017,100.02,99.945,ORDER,18362109136563149042,1,99.86,462
684019842,99.87,100.02,586,29823,99.9892,100.002,100.017,100.02,99.945,ORDER,12994972827639239400,0,100.2,4047
684026851,99.87,100.02,586,29823,99.9892,100.002,100.017,100.02,99.945,ORDER,11954846543298799717,0,100.21,4369
684033941,99.87,100.02,586,29823,99.9892,100.002,100.017,100.02,99.945,ORDER,4942804772315297082,0,100.24,4395
684040979,99.87,100.02,586,29823,99.9892,100.002,100.017,100.02,99.945,ORDER,9470977922838861299,0,100.11,495
684047959,99.87,100.02,586,29823,99.9892,100.002,100.017,100.02,99.945,ORDER,1241621648737991434,0,100.1,586
723937511,99.87,100.02,586,29823,99.9892,100.002,100.017,100.02,99.945,TRADE,17231489241388923709,0,99.87,208
753739032,99.87,100.02,378,29823,99.9924,100.005,100.018,100.02,99.945,TRADE,9974373036735694062,1,100.02,213
778752208,99.87,100.02,378,29610,99.9916,100.005,100.018,100.02,99.945,TRADE,3596961493705095017,1,100.02,162
778786119,99.87,100.02,378,29448,99.9916,100.005,100.018,100.02,99.945,CANCEL,6566969161910580683,0,0,0
778798705,99.86,100.02,713,29448,99.9863,99.9989,100.016,100.02,99.94,CANCEL,5702758973938161106,0,0,0
778807315,99.86,100.02,713,29448,99.9863,99.9989,100.016,100.02,99.94,CANCEL,17587466240212763279,0,0,0
778814961,99.86,100.02,713,29448,99.9863,99.9989,100.016,100.02,99.94,CANCEL,10355601134341787472,0,0,0
778822713,99.86,100.02,713,29448,99.9863,99.9989,100.016,100.02,99.94,ORDER,1370302787427610213,0,100.16,1021
778833893,99.86,100.02,713,29448,99.9863,99.9989,100.016,100.02,99.94,CANCEL,16029933590601694879,0,0,0
778841507,99.86,100.02,713,29448,99.9863,99.9989,100.016,100.02,99.94,CANCEL,16755176339499922086,0,0,0
778849131,99.86,100.02,713,29448,99.9863,99.9989,100.016,100.02,99.94,ORDER,492498947142887015,0,100.15,469
778856989,99.86,100.02,713,29448,99.9863,99.9989,100.016,100.02,99.94,CANCEL,1241621648737991434,0,0,0
778864279,99.86,100.02,713,29448,99.9863,99.9989,100.016,100.02,99.94,CANCEL,9177672450140313130,0,0,0
778871886,99.86,100.02,713,29448,99.9863,99.9989,100.016,100.02,99.94,CANCEL,13311335088063211842,0,0,0
778879028,99.86,100.02,713,29448,99.9863,99.9989,100.016,100.02,99.94,CANCEL,13161204878760149390,0,0,0
778886203,99.86,100.02,713,29448,99.9863,99.9989,100.016,100.02,99.94,CANCEL,894977222339504072,0,0,0
778904981,99.86,100.02,713,29448,99.9863,99.9989,100.016,100.02,99.94,ORDER,4517801557424882028,1,99.78,3222
778912962,99.86,100.02,713,29448,99.9863,99.9989,100.016,100.02,99.94,CANCEL,7286248248325133973,0,0,0
778919716,99.86,100.02,713,29448,99.9863,99.9989,100.016,100.02,99.94,CANCEL,17214795546290477211,0,0,0
778926467,99.86,100.02,713,29448,99.9863,99.9989,100.016,100.02,99.94,ORDER,15532187993393795454,1,99.82,511
778948620,99.86,100.02,713,29448,99.9863,99.9989,100.016,100.02,99.94,CANCEL,9470977922838861299,0,0,0
778968017,99.86,100.02,713,29448,99.9863,99.9989,100.016,100.02,99.94,CANCEL,5436705681900379831,0,0,0
778974912,99.86,100.02,713,29448,99.9863,99.9989,100.016,100.02,99.94,ORDER,1016020033271682570,0,100.11,357
778982156,99.86,100.02,713,29448,99.9863,99.9989,100.016,100.02,99.94,CANCEL,11898573572875292354,0,0,0
778996598,99.86,100.02,713,29448,99.9863,99.9989,100.016,100.02,99.94,CANCEL,5242592647855229378,0,0,0
779003788,99.86,100.02,713,29448,99.9863,99.9989,100.016,100.02,99.94,CANCEL,16513676170780730189,0,0,0
779010605,99.86,100.02,713,29448,99.9863,99.9989,100.016,100.02,99.94,CANCEL,15280173883559963044,0,0,0
779017502,99.86,100.02,713,29448,99.9863,99.9989,100.016,100.02,99.94,ORDER,7593543227843412102,0,100.17,2600
779024767,99.86,100.02,713,29448,99.9863,99.9989,100.016,100.02,99.94,CANCEL,17703322970778974928,0,0,0
779031582,99.86,100.02,713,29448,99.9863,99.9989,100.016,100.02,99.94,CANCEL,13399883944863028153,0,0,0
779038426,99.86,100.02,713,29448,99.9863,99.9989,100.016,100.02,99.94,CANCEL,1207180739496735453,0,0,0
779045201,99.86,100.02,713,29448,99.9863,99.9989,100.016,100.02,99.94,ORDER,16572184086102507329,1,99.81,465
779052511,99.86,100.02,713,29448,99.9863,99.9989,100.016,100.02,99.94,CANCEL,9571569601447575465,0,0,0
779059432,99.86,100.02,713,29448,99.9863,99.9989,100.016,100.02,99.94,CANCEL,3611233891149848997,0,0,0
779066411,99.86,100.02,713,29448,99.9863,99.9989,100.016,100.02,99.94,ORDER,15207416846826092059,1,99.74,5542
779073775,99.86,100.02,713,29448,99.9863,99.9989,100.016,100.02,99.94,CANCEL,18362109136563149042,0,0,0
779080480,99.86,100.02,251,29448,99.9933,100.007,100.019,100.02,99.94,CANCEL,7939660274562191896,0,0,0
779087264,99.86,100.02,222,29448,99.9933,100.008,100.019,100.02,99.94,CANCEL,1867525773938542148,0,0,0
779093929,99.85,100.02,512,29448,99.9842,100.001,100.017,100.02,99.935,CANCEL,14123660652038670846,0,0,0
779100670,99.85,100.02,512,29448,99.9842,100.001,100.017,100.02,99.935,CANCEL,12423787275178072575,0,0,0
779107173,99.85,100.02,512,29448,99.9842,100.001,100.017,100.02,99.935,CANCEL,16344641463917008739,0,0,0
779125788,99.85,100.02,512,29448,99.9842,100.001,100.017,100.02,99.935,CANCEL,8968727334432907543,0,0,0
779132439,99.85,100.02,512,29448,99.9842,100.001,100.017,100.02,99.935,CANCEL,12994972827639239400,0,0,0
779139162,99.85,100.02,512,29448,99.9842,100.001,100.017,100.02,99.935,CANCEL,12158298055297786644,0,0,0
779145816,99.85,100.02,512,29448,99.9842,100.001,100.017,100.02,99.935,ORDER,797137027802909171,0,100.2,4076
779153022,99.85,100.02,512,29448,99.9842,100.001,100.017,100.02,99.935,CANCEL,11954846543298799717,0,0,0
779159731,99.85,100.02,512,29448,99.9842,100.001,100.017,100.02,99.935,CANCEL,6138566100180660640,0,0,0
779166428,99.85,100.02,512,29448,99.9842,100.001,100.017,100.02,99.935,CANCEL,12518409180449210668,0,0,0
779173210,99.85,100.02,512,29448,99.9842,100.001,100.017,100.02,99.935,CANCEL,1494325253395469671,0,0,0
779180052,99.85,100.02,512,29448,99.9842,100.001,100.017,100.02,99.935,ORDER,6422636352460796948,0,100.21,5505
779187249,99.85,100.02,512,29448,99.9842,100.001,100.017,100.02,99.935,CANCEL,5185247146830617229,0,0,0
779193895,99.85,100.02,512,29448,99.9842,100.001,100.017,100.02,99.935,CANCEL,9948471094262088803,0,0,0
779200571,99.85,100.02,512,29448,99.9842,100.001,100.017,100.02,99.935,CANCEL,8727988865229899246,0,0,0
779207255,99.85,100.02,512,29448,99.9842,100.001,100.017,100.02,99.935,ORDER,9038488458235946593,1,99.75,5860
779214664,99.85,100.02,512,29448,99.9842,100.001,100.017,100.02,99.935,CANCEL,6249182728546433401,0,0,0
779221434,99.85,100.02,512,29448,99.9842,100.001,100.017,100.02,99.935,CANCEL,11362694597403059969,0,0,0
779228174,99.85,100.02,512,29448,99.9842,100.001,100.017,100.02,99.935,ORDER,1168329460897445656,1,99.8,1751
779235510,99.85,100.02,512,29448,99.9842,100.001,100.017,100.02,99.935,ORDER,4236676809006768965,1,99.71,10858
779242796,99.85,100.02,512,29448,99.9842,100.001,100.017,100.02,99.935,ORDER,9187343386820914316,1,99.72,9160
779250104,99.85,100.02,512,29448,99.9842,100.001,100.017,100.02,99.935,ORDER,5823468593056725044,0,100.25,11207
779257352,99.85,100.02,512,29448,99.9842,100.001,100.017,100.02,99.935,CANCEL,7142969185071311928,0,0,0
779264117,99.85,100.11,512,357,99.9713,99.967,99.9568,99.9351,99.98,ORDER,7735939909100781677,0,100.01,29823
779271948,99.85,100.01,512,29823,99.9772,99.9919,100.007,100.01,99.93,TRADE,2313413159994968795,0,99.85,222
799935948,99.85,100.01,290,29823,99.9841,99.9956,100.008,100.01,99.93,CANCEL,7735939909100781677,0,0,0
799949180,99.85,100.11,290,357,99.99,99.9837,99.9935,100.007,99.98,ORDER,13564636808807813754,0,99.92,29823
799956705,99.85,99.92,290,29823,99.9086,99.9137,99.9193,99.92,99.885,TRADE,10912515223460518977,0,99.85,190
843949474,99.85,99.92,100,29823,99.912,99.9162,99.9198,99.92,99.885,CANCEL,1370302787427610213,0,0,0
843969926,99.85,99.92,100,29823,99.912,99.9162,99.9198,99.92,99.885,ORDER,1619142962808189776,0,100.16,487
843978781,99.85,99.92,100,29823,99.912,99.9162,99.9198,99.92,99.885,CANCEL,111272019641198145,0,0,0
843986675,99.85,99.92,100,29823,99.912,99.9162,99.9198,99.92,99.885,CANCEL,17663135577680300945,0,0,0
843993992,99.85,99.92,100,29823,99.912,99.9162,99.9198,99.92,99.885,CANCEL,5435837255435253609,0,0,0
844001102,99.85,99.92,100,29823,99.912,99.9162,99.9198,99.92,99.885,CANCEL,2293599493247650965,0,0,0
844008277,99.85,99.92,100,29823,99.912,99.9162,99.9198,99.92,99.885,ORDER,1388171475837148004,1,99.77,1657
844015952,99.85,99.92,100,29823,99.912,99.9162,99.9198,99.92,99.885,CANCEL,10099653667574991610,0,0,0
844025751,99.85,99.92,100,29823,99.912,99.9162,99.9198,99.92,99.885,CANCEL,3994837662781462758,0,0,0
844032988,99.85,99.92,100,29823,99.912,99.9162,99.9198,99.92,99.885,ORDER,2720403360426880170,0,100.19,1564
844040664,99.85,99.92,100,29823,99.912,99.9162,99.9198,99.92,99.885,CANCEL,4598931821820099185,0,0,0
844047753,99.85,99.92,100,29823,99.912,99.9162,99.9198,99.92,99.885,CANCEL,1016020033271682570,0,0,0
844054778,99.85,99.92,100,29823,99.912,99.9162,99.9198,99.92,99.885,CANCEL,4517801557424882028,0,0,0
844061859,99.85,99.92,100,29823,99.912,99.9162,99.9198,99.92,99.885,ORDER,15963771058109171490,1,99.78,450
844069526,99.85,99.92,100,29823,99.912,99.9162,99.9198,99.92,99.885,CANCEL,14372312693257700022,0,0,0
844076753,99.85,99.92,100,29823,99.912,99.9162,99.9198,99.92,99.885,CANCEL,10737952348794177156,0,0,0
844083831,99.85,99.92,100,29823,99.912,99.9162,99.9198,99.92,99.885,ORDER,3897034295119727315,1,99.73,6531
844091354,99.85,99.92,100,29823,99.912,99.9162,99.9198,99.92,99.885,CANCEL,9187343386820914316,0,0,0
844109781,99.85,99.92,100,29823,99.912,99.9162,99.9198,99.92,99.885,ORDER,3995201199686639119,1,99.72,5640
844117715,99.85,99.92,100,29823,99.912,99.9162,99.9198,99.92,99.885,CANCEL,797137027802909171,0,0,0
844124953,99.85,99.92,100,29823,99.912,99.9162,99.9198,99.92,99.885,ORDER,16333254220376837792,0,100.2,1892
844132663,99.85,99.92,100,29823,99.912,99.9162,99.9198,99.92,99.885,CANCEL,5823468593056725044,0,0,0
844139818,99.85,99.92,100,29823,99.912,99.9162,99.9198,99.92,99.885,ORDER,1342511021248830189,0,100.25,7446
844147573,99.85,99.92,100,29823,99.912,99.9162,99.9198,99.92,99.885,CANCEL,6504433691181469238,0,0,0
844154763,99.85,99.92,100,29823,99.912,99.9162,99.9198,99.92,99.885,CANCEL,9209556059924966472,0,0,0
844161860,99.85,99.92,100,29823,99.912,99.9162,99.9198,99.92,99.885,CANCEL,10341194525192092874,0,0,0
844168918,99.85,99.92,100,29823,99.912,99.9162,99.9198,99.92,99.885,CANCEL,15438842532504539101,0,0,0
844176017,99.85,99.92,100,29823,99.912,99.9162,99.9198,99.92,99.885,ORDER,12678653375949628089,0,100.18,527
844183702,99.85,99.92,100,29823,99.912,99.9162,99.9198,99.92,99.885,CANCEL,15106108759877843198,0,0,0
844190780,99.85,99.92,100,29823,99.912,99.9162,99.9198,99.92,99.885,CANCEL,5940597511403086280,0,0,0
844197920,99.85,99.92,100,29823,99.912,99.9162,99.9198,99.92,99.885,ORDER,10927456618996533071,1,99.76,3070
844205513,99.85,99.92,100,29823,99.912,99.9162,99.9198,99.92,99.885,CANCEL,7593543227843412102,0,0,0
844212561,99.85,99.92,100,29823,99.912,99.9162,99.9198,99.92,99.885,ORDER,545934512706255602,0,100.17,445
844220142,99.85,99.92,100,29823,99.912,99.9162,99.9198,99.92,99.885,CANCEL,14255209801193291997,0,0,0
844239172,99.85,99.92,100,29823,99.912,99.9162,99.9198,99.92,99.885,CANCEL,4942804772315297082,0,0,0
844246079,99.85,99.92,100,29823,99.912,99.9162,99.9198,99.92,99.885,CANCEL,9610752029076544432,0,0,0
844252856,99.85,99.92,100,29823,99.912,99.9162,99.9198,99.92,99.885,CANCEL,9454247031664732673,0,0,0
844278802,99.85,99.92,100,29823,99.912,99.9162,99.9198,99.92,99.885,ORDER,12890409264420101922,0,100.24,8432
844286094,99.85,99.92,100,29823,99.912,99.9162,99.9198,99.92,99.885,CANCEL,1168329460897445656,0,0,0
844292567,99.85,99.92,100,29823,99.912,99.9162,99.9198,99.92,99.885,ORDER,16617103491112053839,1,99.8,312
844299531,99.85,99.92,100,29823,99.912,99.9162,99.9198,99.92,99.885,CANCEL,4001145040992046440,0,0,0
844305924,99.84,99.92,578,29823,99.9036,99.9102,99.9185,99.92,99.88,CANCEL,17415079608751017448,0,0,0
844312421,99.82,99.92,511,29823,99.9016,99.9087,99.9183,99.92,99.87,CANCEL,11871740480013252149,0,0,0
844318957,99.82,99.92,511,29823,99.9016,99.9087,99.9183,99.92,99.87,ORDER,14573338588194920837,1,99.79,464
844325602,99.82,99.92,511,29823,99.9016,99.9087,99.9183,99.92,99.87,ORDER,3245187491382081064,1,99.68,8092
844332363,99.82,99.92,511,29823,99.9016,99.9087,99.9183,99.92,99.87,ORDER,4954740573053664921,1,99.69,12206
844339289,99.82,99.92,511,29823,99.9016,99.9087,99.9183,99.92,99.87,ORDER,7916041642477502229,1,99.7,8956
844346083,99.82,99.92,511,29823,99.9016,99.9087,99.9183,99.92,99.87,ORDER,1158706838660502566,0,100.27,11102
844352795,99.82,99.92,511,29823,99.9016,99.9087,99.9183,99.92,99.87,ORDER,457669153626073229,0,100.26,8174
844359574,99.82,99.92,511,29823,99.9016,99.9087,99.9183,99.92,99.87,ORDER,16460098965778963257,0,100.28,10125
844366291,99.82,99.92,511,29823,99.9016,99.9087,99.9183,99.92,99.87,CANCEL,13564636808807813754,0,0,0
844372711,99.82,100.14,511,706,99.9907,99.9933,100.006,100.03,99.98,ORDER,14034938698119774281,0,99.91,29448
867937668,99.82,99.91,511,29448,99.893,99.8997,99.9085,99.91,99.865,TRADE,17080826301608586200,1,99.91,194
884615328,99.82,99.91,511,29254,99.893,99.8997,99.9085,99.91,99.865,TRADE,16993902988077821217,1,99.91,172
894211326,99.82,99.91,511,29082,99.893,99.8997,99.9084,99.91,99.865,CANCEL,14034938698119774281,0,0,0
894222004,99.82,100.14,511,706,99.9907,99.9933,100.006,100.03,99.98,ORDER,7690997223036209276,0,99.83,29082
918447390,99.82,99.83,511,29082,99.8281,99.8289,99.8298,99.83,99.825,TRADE,1825790222766541132,1,99.83,209
967946478,99.82,99.83,511,28873,99.8281,99.8288,99.8298,99.83,99.825,CANCEL,7690997223036209276,0,0,0
967968618,99.82,100.14,511,706,99.9907,99.9933,100.006,100.03,99.98,TRADE,16997674670751965268,0,99.82,511
967977394,99.81,100.14,465,706,99.986,99.9926,100.009,100.04,99.975,TRADE,16997674670751965268,0,99.81,465
967997315,99.8,100.14,312,706,99.9943,100.006,100.036,100.084,99.97,TRADE,16997674670751965268,0,99.8,312
968004861,99.79,100.14,464,706,99.9767,99.9836,100.001,100.034,99.965,TRADE,16997674670751965268,0,99.79,464
968012610,99.78,100.14,450,706,99.972,99.9791,99.9999,100.036,99.96,TRADE,16997674670751965268,0,99.78,450
968020143,99.77,100.14,1657,706,99.9258,99.9158,99.8805,99.8268,99.955,TRADE,16997674670751965268,0,99.77,1657
968027712,99.76,100.14,3070,706,99.8982,99.882,99.831,99.7791,99.95,TRADE,16997674670751965268,0,99.76,3070
968035661,99.75,100.14,5860,706,99.87,99.8494,99.7919,99.7556,99.945,ORDER,16997674670751965268,0,99.76,21944
1003949646,99.75,99.76,5860,21944,99.756,99.7566,99.7579,99.7593,99.755,TRADE,17626869786401348401,1,99.76,201
1003967373,99.75,99.76,5860,21743,99.756,99.7566,99.7579,99.7593,99.755,ORDER,10544182411072538665,0,100.15,2036
1003975148,99.75,99.76,5860,21743,99.756,99.7566,99.7579,99.7593,99.755,ORDER,2913555802293382603,0,100.19,7042
1003982158,99.75,99.76,5860,21743,99.756,99.7566,99.7579,99.7593,99.755,ORDER,15214711126657620285,0,100.2,7676
1003989607,99.75,99.76,5860,21743,99.756,99.7566,99.7579,99.7593,99.755,CANCEL,12890409264420101922,0,0,0
1003996764,99.75,99.76,5860,21743,99.756,99.7566,99.7579,99.7593,99.755,ORDER,6343121878001016055,0,100.14,501
1004003767,99.75,99.76,5860,21743,99.756,99.7566,99.7579,99.7593,99.755,ORDER,11139446037261004520,0,100.22,4653
1004011030,99.75,99.76,5860,21743,99.756,99.7566,99.7579,99.7593,99.755,CANCEL,4954740573053664921,0,0,0
1004017711,99.75,99.76,5860,21743,99.756,99.7566,99.7579,99.7593,99.755,ORDER,18358379391203177960,1,99.69,577
1004033608,99.75,99.76,5860,21743,99.756,99.7566,99.7579,99.7593,99.755,CANCEL,3245187491382081064,0,0,0
1004040189,99.75,99.76,5860,21743,99.756,99.7566,99.7579,99.7593,99.755,ORDER,11408911771272739142,1,99.68,1355
1004046980,99.75,99.76,5860,21743,99.756,99.7566,99.7579,99.7593,99.755,CANCEL,7916041642477502229,0,0,0
1004053291,99.75,99.76,5860,21743,99.756,99.7566,99.7579,99.7593,99.755,ORDER,8039895137820579609,1,99.7,573
1004060126,99.75,99.76,5860,21743,99.756,99.7566,99.7579,99.7593,99.755,CANCEL,3995201199686639119,0,0,0
1004066604,99.75,99.76,5860,21743,99.756,99.7566,99.7579,99.7593,99.755,ORDER,14937377985458071185,1,99.72,438
1004073421,99.75,99.76,5860,21743,99.756,99.7566,99.7579,99.7593,99.755,CANCEL,4236676809006768965,0,0,0
1004079924,99.75,99.76,5860,21743,99.756,99.7566,99.7579,99.7593,99.755,ORDER,4053543327467012690,1,99.71,373
1004186430,99.75,99.76,5860,21743,99.756,99.7566,99.7579,99.7593,99.755,CANCEL,16460098965778963257,0,0,0
1004193571,99.75,99.76,5860,21743,99.756,99.7566,99.7579,99.7593,99.755,CANCEL,3897034295119727315,0,0,0
1004200044,99.75,99.76,5860,21743,99.756,99.7566,99.7579,99.7593,99.755,ORDER,6417736293340157917,1,99.73,473
1004211093,99.75,99.76,5860,21743,99.756,99.7566,99.7579,99.7593,99.755,CANCEL,457669153626073229,0,0,0
1004217788,99.75,99.76,5860,21743,99.756,99.7566,99.7579,99.7593,99.755,CANCEL,1158706838660502566,0,0,0
1004224232,99.75,99.76,5860,21743,99.756,99.7566,99.7579,99.7593,99.755,ORDER,5955278599697019849,0,100.16,3533
1004231159,99.75,99.76,5860,21743,99.756,99.7566,99.7579,99.7593,99.755,CANCEL,1342511021248830189,0,0,0
1004237454,99.75,99.76,5860,21743,99.756,99.7566,99.7579,99.7593,99.755,CANCEL,9038488458235946593,0,0,0
1004255482,99.74,99.76,5542,21743,99.7523,99.7533,99.7559,99.7588,99.75,ORDER,7096753345467871657,0,100.18,5473
1004262794,99.74,99.76,5542,21743,99.7523,99.7533,99.7559,99.7588,99.75,ORDER,3862752846345118308,0,100.21,2824
1004270040,99.74,99.76,5542,21743,99.7523,99.7533,99.7559,99.7588,99.75,ORDER,17841540050004043360,0,100.17,3734
1004277350,99.74,99.76,5542,21743,99.7523,99.7533,99.7559,99.7588,99.75,CANCEL,15207416846826092059,0,0,0
1004284409,99.73,99.76,473,21743,99.7538,99.7563,99.7594,99.76,99.745,ORDER,15251499108329091483,1,99.6,8688
1004292073,99.73,99.76,473,21743,99.7538,99.7563,99.7594,99.76,99.745,ORDER,606573483014029404,1,99.61,10029
1004299554,99.73,99.76,473,21743,99.7538,99.7563,99.7594,99.76,99.745,ORDER,17515677441264187296,1,99.63,5599
1004307035,99.73,99.76,473,21743,99.7538,99.7563,99.7594,99.76,99.745,ORDER,7512538064449775028,1,99.65,3918
1004314314,99.73,99.76,473,21743,99.7538,99.7563,99.7594,99.76,99.745,ORDER,14810857712634937075,1,99.66,3374
1004321712,99.73,99.76,473,21743,99.7538,99.7563,99.7594,99.76,99.745,ORDER,994912489201463452,1,99.67,2100
1004328997,99.73,99.76,473,21743,99.7538,99.7563,99.7594,99.76,99.745,ORDER,6232066201116251874,1,99.62,7345
1004336261,99.73,99.76,473,21743,99.7538,99.7563,99.7594,99.76,99.745,ORDER,4087449742415770312,0,100.12,472
1004343525,99.73,99.76,473,21743,99.7538,99.7563,99.7594,99.76,99.745,ORDER,116043567602644101,0,100.13,581
1004350949,99.73,99.76,473,21743,99.7538,99.7563,99.7594,99.76,99.745,ORDER,2927746144202343393,0,100.11,653
1004358240,99.73,99.76,473,21743,99.7538,99.7563,99.7594,99.76,99.745,ORDER,3348019128169876553,0,100.09,541
1004365659,99.73,99.76,473,21743,99.7538,99.7563,99.7594,99.76,99.745,ORDER,3827322656584846424,0,100.1,471
1004372988,99.73,99.76,473,21743,99.7538,99.7563,99.7594,99.76,99.745,ORDER,10288084040211595600,1,99.59,10587
1004380307,99.73,99.76,473,21743,99.7538,99.7563,99.7594,99.76,99.745,ORDER,8846623574755486075,1,99.64,7280
1004387608,99.73,99.76,473,21743,99.7538,99.7563,99.7594,99.76,99.745,CANCEL,16997674670751965268,0,0,0
1004394600,99.73,100.09,473,541,99.922,99.9182,99.9221,99.934,99.91,ORDER,9860831848057697250,0,99.74,21944
1019947397,99.73,99.74,473,21944,99.7379,99.7388,99.7398,99.74,99.735,TRADE,14917885921963009448,0,99.73,210
1051951441,99.73,99.74,263,21944,99.7382,99.739,99.7399,99.74,99.735,TRADE,18432069129594000159,0,99.73,263
1051974077,99.72,99.74,438,21944,99.7359,99.7376,99.7396,99.74,99.73,TRADE,18432069129594000159,0,99.72,438
1051982575,99.71,99.74,373,21944,99.7338,99.7366,99.7395,99.74,99.725,TRADE,18432069129594000159,0,99.71,373
1051990407,99.7,99.74,573,21944,99.7309,99.7346,99.739,99.74,99.72,TRADE,18432069129594000159,0,99.7,50
1067936598,99.7,99.74,523,21944,99.7309,99.7348,99.7391,99.74,99.72,ORDER,10767410645537714935,1,99.73,246
1067949494,99.73,99.74,246,21944,99.7382,99.7391,99.7399,99.74,99.735,CANCEL,15251499108329091483,0,0,0
1067957686,99.73,99.74,246,21944,99.7382,99.7391,99.7399,99.74,99.735,ORDER,3257394016115064045,1,99.63,7019
1067965844,99.73,99.74,246,21944,99.7382,99.7391,99.7399,99.74,99.735,ORDER,2937639179237775651,0,100.16,3679
1067973982,99.73,99.74,246,21944,99.7382,99.7391,99.7399,99.74,99.735,ORDER,609282656760853676,0,100.15,4264
1067981936,99.73,99.74,246,21944,99.7382,99.7391,99.7399,99.74,99.735,ORDER,11357116879847891080,0,100.1,250
1067989773,99.73,99.74,246,21944,99.7382,99.7391,99.7399,99.74,99.735,ORDER,17587424758744449820,1,99.68,2224
1067997605,99.73,99.74,246,21944,99.7382,99.7391,99.7399,99.74,99.735,ORDER,7789520938264478691,1,99.66,4135
1068005480,99.73,99.74,246,21944,99.7382,99.7391,99.7399,99.74,99.735,ORDER,8358201469004360677,0,100.14,3029
1068013227,99.73,99.74,246,21944,99.7382,99.7391,99.7399,99.74,99.735,CANCEL,6638484095433921746,0,0,0
1068020716,99.73,99.74,246,21944,99.7382,99.7391,99.7399,99.74,99.735,CANCEL,5381231838948531353,0,0,0
1068028137,99.73,99.74,246,21944,99.7382,99.7391,99.7399,99.74,99.735,CANCEL,3989155166973592868,0,0,0
1068035564,99.73,99.74,246,21944,99.7382,99.7391,99.7399,99.74,99.735,CANCEL,11139446037261004520,0,0,0
1068042954,99.73,99.74,246,21944,99.7382,99.7391,99.7399,99.74,99.735,ORDER,2303520573529395965,0,100.11,846
1068050774,99.73,99.74,246,21944,99.7382,99.7391,99.7399,99.74,99.735,CANCEL,18091488439423265127,0,0,0
1068058073,99.73,99.74,246,21944,99.7382,99.7391,99.7399,99.74,99.735,CANCEL,17371823013745730189,0,0,0
1068065413,99.73,99.74,246,21944,99.7382,99.7391,99.7399,99.74,99.735,CANCEL,1883822978388086315,0,0,0
1068072745,99.73,99.74,246,21944,99.7382,99.7391,99.7399,99.74,99.735,ORDER,16814695449539688145,1,99.65,2152
1068080433,99.73,99.74,246,21944,99.7382,99.7391,99.7399,99.74,99.735,ORDER,10877533359296109289,0,100.18,3428
1068099521,99.73,99.74,246,21944,99.7382,99.7391,99.7399,99.74,99.735,CANCEL,10288084040211595600,0,0,0
1068106515,99.73,99.74,246,21944,99.7382,99.7391,99.7399,99.74,99.735,CANCEL,3862752846345118308,0,0,0
1068125130,99.73,99.74,246,21944,99.7382,99.7391,99.7399,99.74,99.735,CANCEL,6422636352460796948,0,0,0
1068132609,99.73,99.74,246,21944,99.7382,99.7391,99.7399,99.74,99.735,CANCEL,606573483014029404,0,0,0
1068139762,99.73,99.74,246,21944,99.7382,99.7391,99.7399,99.74,99.735,ORDER,1369223832901872681,1,99.69,3532
1068147524,99.73,99.74,246,21944,99.7382,99.7391,99.7399,99.74,99.735,ORDER,2673133813459099549,0,100.12,1871
1068155240,99.73,99.74,246,21944,99.7382,99.7391,99.7399,99.74,99.735,ORDER,2940078910054562272,0,100.13,4200
1068162943,99.73,99.74,246,21944,99.7382,99.7391,99.7399,99.74,99.735,ORDER,15482211691601721262,0,100.17,3395
1068170520,99.73,99.74,246,21944,99.7382,99.7391,99.7399,99.74,99.735,ORDER,10292128227665645732,1,99.71,1167
1068181400,99.73,99.74,246,21944,99.7382,99.7391,99.7399,99.74,99.735,ORDER,11560046504640161543,1,99.67,4117
1068189092,99.73,99.74,246,21944,99.7382,99.7391,99.7399,99.74,99.735,ORDER,8721359496074674928,1,99.72,220
1068196889,99.73,99.74,246,21944,99.7382,99.7391,99.7399,99.74,99.735,ORDER,16177340940576865422,1,99.7,2077
1068204547,99.73,99.74,246,21944,99.7382,99.7391,99.7399,99.74,99.735,TRADE,8567183102318288465,1,99.74,520
1068212152,99.73,99.74,246,21424,99.7382,99.7391,99.7399,99.74,99.735,ORDER,13379959366634145008,0,100.08,424
1068220076,99.73,99.74,246,21424,99.7382,99.7391,99.7399,99.74,99.735,ORDER,12033991220133875280,0,100.06,390
1068227688,99.73,99.74,246,21424,99.7382,99.7391,99.7399,99.74,99.735,ORDER,3794347103626708980,0,100.07,467
1068250020,99.73,99.74,246,21424,99.7382,99.7391,99.7399,99.74,99.735,TRADE,8028319635493988066,1,99.74,421
1068257480,99.73,99.74,246,21003,99.7382,99.7391,99.7399,99.74,99.735,TRADE,2911383731925434778,1,99.74,488
1127943144,99.73,99.74,246,20515,99.7382,99.7391,99.7399,99.74,99.735,CANCEL,15214711126657620285,0,0,0
1144621499,99.73,99.74,246,20515,99.7382,99.7391,99.7399,99.74,99.735,CANCEL,16333254220376837792,0,0,0
1144638261,99.73,99.74,246,20515,99.7382,99.7391,99.7399,99.74,99.735,ORDER,6438610553810129822,0,100.15,3749
1144646654,99.73,99.74,246,20515,99.7382,99.7391,99.7399,99.74,99.735,CANCEL,2913555802293382603,0,0,0
1144653867,99.73,99.74,246,20515,99.7382,99.7391,99.7399,99.74,99.735,CANCEL,2720403360426880170,0,0,0
1144660676,99.73,99.74,246,20515,99.7382,99.7391,99.7399,99.74,99.735,ORDER,16506508516362980087,0,100.11,2712
1144667866,99.73,99.74,246,20515,99.7382,99.7391,99.7399,99.74,99.735,ORDER,10879978263319971818,1,99.72,365
1144675118,99.73,99.74,246,20515,99.7382,99.7391,99.7399,99.74,99.735,ORDER,1748422505261010790,0,100.09,4130
1144682126,99.73,99.74,246,20515,99.7382,99.7391,99.7399,99.74,99.735,ORDER,14655156598424783690,1,99.73,262
1144689087,99.73,99.74,508,20515,99.7379,99.7387,99.7398,99.74,99.735,ORDER,13957963029895728849,0,100.14,4183
1144696237,99.73,99.74,508,20515,99.7379,99.7387,99.7398,99.74,99.735,ORDER,12259056178335974457,0,100.08,3611
1144703186,99.73,99.74,508,20515,99.7379,99.7387,99.7398,99.74,99.735,CANCEL,10292128227665645732,0,0,0
1144709816,99.73,99.74,508,20515,99.7379,99.7387,99.7398,99.74,99.735,ORDER,3556277474327636267,1,99.71,472
1144716864,99.73,99.74,508,20515,99.7379,99.7387,99.7398,99.74,99.735,CANCEL,10877533359296109289,0,0,0
1144723418,99.73,99.74,508,20515,99.7379,99.7387,99.7398,99.74,99.735,CANCEL,12678653375949628089,0,0,0
1144730070,99.73,99.74,508,20515,99.7379,99.7387,99.7398,99.74,99.735,CANCEL,7096753345467871657,0,0,0
1144736603,99.73,99.74,508,20515,99.7379,99.7387,99.7398,99.74,99.735,ORDER,9667072659883503928,0,100.07,1711
1144743510,99.73,99.74,508,20515,99.7379,99.7387,99.7398,99.74,99.735,ORDER,77960237370143433,0,100.06,1124
1144750318,99.73,99.74,508,20515,99.7379,99.7387,99.7398,99.74,99.735,CANCEL,15482211691601721262,0,0,0
1144756805,99.73,99.74,508,20515,99.7379,99.7387,99.7398,99.74,99.735,CANCEL,17841540050004043360,0,0,0
1144763447,99.73,99.74,508,20515,99.7379,99.7387,99.7398,99.74,99.735,CANCEL,545934512706255602,0,0,0
1144769993,99.73,99.74,508,20515,99.7379,99.7387,99.7398,99.74,99.735,CANCEL,1369223832901872681,0,0,0
1144776533,99.73,99.74,508,20515,99.7379,99.7387,99.7398,99.74,99.735,CANCEL,18358379391203177960,0,0,0
1144782943,99.73,99.74,508,20515,99.7379,99.7387,99.7398,99.74,99.735,ORDER,6206005998849150296,1,99.69,2497
1144789901,99.73,99.74,508,20515,99.7379,99.7387,99.7398,99.74,99.735,ORDER,197334708306817946,0,100.13,2692
1144796822,99.73,99.74,508,20515,99.7379,99.7387,99.7398,99.74,99.735,ORDER,15539912866919614951,0,100.12,5036
1144803747,99.73,99.74,508,20515,99.7379,99.7387,99.7398,99.74,99.735,ORDER,14935448220197945534,0,100.1,4847
1144810592,99.73,99.74,508,20515,99.7379,99.7387,99.7398,99.74,99.735,CANCEL,2937639179237775651,0,0,0
1144817157,99.73,99.74,508,20515,99.7379,99.7387,99.7398,99.74,99.735,CANCEL,1619142962808189776,0,0,0
1144823686,99.73,99.74,508,20515,99.7379,99.7387,99.7398,99.74,99.735,CANCEL,5955278599697019849,0,0,0
1144830205,99.73,99.74,508,20515,99.7379,99.7387,99.7398,99.74,99.735,ORDER,2847375838162708258,1,99.61,11763
1144837414,99.73,99.74,508,20515,99.7379,99.7387,99.7398,99.74,99.735,TRADE,1722155001405080695,1,99.74,453
1144844255,99.73,99.74,508,20062,99.7379,99.7387,99.7398,99.74,99.735,ORDER,9142706518231273113,0,100.05,258
1144851192,99.73,99.74,508,20062,99.7379,99.7387,99.7398,99.74,99.735,TRADE,5216627321806382783,1,99.74,639
1144857870,99.73,99.74,508,19423,99.7379,99.7386,99.7397,99.74,99.735,ORDER,785593901717481188,0,100.01,455
1144864810,99.73,99.74,508,19423,99.7379,99.7386,99.7397,99.74,99.735,ORDER,9797982051876467892,0,100.02,494
1144877366,99.73,99.74,508,19423,99.7379,99.7386,99.7397,99.74,99.735,ORDER,4041373334576786246,0,100.03,546
1144884622,99.73,99.74,508,19423,99.7379,99.7386,99.7397,99.74,99.735,ORDER,5093734371635817919,0,100.04,445
1144891568,99.73,99.74,508,19423,99.7379,99.7386,99.7397,99.74,99.735,TRADE,7434633559953485211,1,99.74,10407
1167940207,99.73,99.74,508,9016,99.7374,99.7381,99.7395,99.74,99.735,CANCEL,10544182411072538665,0,0,0
1187939398,99.73,99.74,508,9016,99.7374,99.7381,99.7395,99.74,99.735,CANCEL,6438610553810129822,0,0,0
1203936547,99.73,99.74,508,9016,99.7374,99.7381,99.7395,99.74,99.735,CANCEL,609282656760853676,0,0,0
1203954181,99.73,99.74,508,9016,99.7374,99.7381,99.7395,99.74,99.735,CANCEL,492498947142887015,0,0,0
1203961776,99.73,99.74,508,9016,99.7374,99.7381,99.7395,99.74,99.735,ORDER,5131138873593966481,0,100.06,2411
1203970003,99.73,99.74,508,9016,99.7374,99.7381,99.7395,99.74,99.735,ORDER,641919693004552446,0,100.05,2405
1203977755,99.73,99.74,508,9016,99.7374,99.7381,99.7395,99.74,99.735,ORDER,15886035444587513726,0,100.13,5120
1203985609,99.73,99.74,508,9016,99.7374,99.7381,99.7395,99.74,99.735,ORDER,3075108133036360661,0,100.07,2185
1203993116,99.73,99.74,508,9016,99.7374,99.7381,99.7395,99.74,99.735,CANCEL,11560046504640161543,0,0,0
1204000384,99.73,99.74,508,9016,99.7374,99.7381,99.7395,99.74,99.735,CANCEL,994912489201463452,0,0,0
1204007451,99.73,99.74,508,9016,99.7374,99.7381,99.7395,99.74,99.735,ORDER,6964827949146983361,1,99.67,3833
1204014844,99.73,99.74,508,9016,99.7374,99.7381,99.7395,99.74,99.735,ORDER,1645053772142672149,0,100.04,1233
1204022163,99.73,99.74,508,9016,99.7374,99.7381,99.7395,99.74,99.735,CANCEL,13957963029895728849,0,0,0
1204029358,99.73,99.74,508,9016,99.7374,99.7381,99.7395,99.74,99.735,CANCEL,8358201469004360677,0,0,0
1204036365,99.73,99.74,508,9016,99.7374,99.7381,99.7395,99.74,99.735,CANCEL,6343121878001016055,0,0,0
1204055776,99.73,99.74,508,9016,99.7374,99.7381,99.7395,99.74,99.735,CANCEL,17488185651956163908,0,0,0
1204062950,99.73,99.74,508,9016,99.7374,99.7381,99.7395,99.74,99.735,ORDER,11542222730368464673,0,100.11,4199
1204070710,99.73,99.74,508,9016,99.7374,99.7381,99.7395,99.74,99.735,CANCEL,16177340940576865422,0,0,0
1204077895,99.73,99.74,508,9016,99.7374,99.7381,99.7395,99.74,99.735,CANCEL,8039895137820579609,0,0,0
1204085147,99.73,99.74,508,9016,99.7374,99.7381,99.7395,99.74,99.735,ORDER,14694256569862646072,1,99.7,1651
1204093095,99.73,99.74,508,9016,99.7374,99.7381,99.7395,99.74,99.735,TRADE,92401909628809587,1,99.74,400
1204100813,99.73,99.74,508,8616,99.7374,99.7381,99.7394,99.74,99.735,TRADE,15045527710737941161,1,99.74,498
1204108315,99.73,99.74,508,8118,99.7374,99.738,99.7394,99.74,99.735,ORDER,10832289804880185023,0,99.99,491
1204116029,99.73,99.74,508,8118,99.7374,99.738,99.7394,99.74,99.735,ORDER,14969236270721288335,0,100,548
1204135436,99.73,99.74,508,8118,99.7374,99.738,99.7394,99.74,99.735,TRADE,17684530742098549453,0,99.73,212
1204142673,99.73,99.74,296,8118,99.7377,99.7384,99.7396,99.74,99.735,TRADE,14089801145651556329,1,99.74,189
1235051495,99.73,99.74,296,7929,99.7376,99.7384,99.7396,99.74,99.735,CANCEL,17515677441264187296,0,0,0
1260102330,99.73,99.74,296,7929,99.7376,99.7384,99.7396,99.74,99.735,CANCEL,3257394016115064045,0,0,0
1260123609,99.73,99.74,296,7929,99.7376,99.7384,99.7396,99.74,99.735,ORDER,17845291465056732887,1,99.63,4206
1260131832,99.73,99.74,296,7929,99.7376,99.7384,99.7396,99.74,99.735,CANCEL,8721359496074674928,0,0,0
1260139132,99.73,99.74,296,7929,99.7376,99.7384,99.7396,99.74,99.735,CANCEL,10879978263319971818,0,0,0
1260145925,99.73,99.74,296,7929,99.7376,99.7384,99.7396,99.74,99.735,CANCEL,8846623574755486075,0,0,0
1260152943,99.73,99.74,296,7929,99.7376,99.7384,99.7396,99.74,99.735,ORDER,11499611671748464446,1,99.64,2599
1260160307,99.73,99.74,296,7929,99.7376,99.7384,99.7396,99.74,99.735,CANCEL,17587424758744449820,0,0,0
1260166996,99.73,99.74,296,7929,99.7376,99.7384,99.7396,99.74,99.735,CANCEL,11408911771272739142,0,0,0
1260173752,99.73,99.74,296,7929,99.7376,99.7384,99.7396,99.74,99.735,ORDER,14592640979342777499,1,99.68,576
1260189064,99.73,99.74,296,7929,99.7376,99.7384,99.7396,99.74,99.735,CANCEL,16814695449539688145,0,0,0
1260195960,99.73,99.74,296,7929,99.7376,99.7384,99.7396,99.74,99.735,CANCEL,7512538064449775028,0,0,0
1260202585,99.73,99.74,296,7929,99.7376,99.7384,99.7396,99.74,99.735,ORDER,10114854677263763642,1,99.65,1837
1260209570,99.73,99.74,296,7929,99.7376,99.7384,99.7396,99.74,99.735,CANCEL,785593901717481188,0,0,0
1260216262,99.73,99.74,296,7929,99.7376,99.7384,99.7396,99.74,99.735,CANCEL,14935448220197945534,0,0,0
1260223060,99.73,99.74,296,7929,99.7376,99.7384,99.7396,99.74,99.735,CANCEL,11357116879847891080,0,0,0
1260229662,99.73,99.74,296,7929,99.7376,99.7384,99.7396,99.74,99.735,CANCEL,3827322656584846424,0,0,0
1260236156,99.73,99.74,296,7929,99.7376,99.7384,99.7396,99.74,99.735,ORDER,11950164283316715006,0,100.1,3571
1260243624,99.73,99.74,296,7929,99.7376,99.7384,99.7396,99.74,99.735,CANCEL,6232066201116251874,0,0,0
1260250316,99.73,99.74,296,7929,99.7376,99.7384,99.7396,99.74,99.735,ORDER,3770683385652939067,1,99.62,4359
1260268708,99.73,99.74,296,7929,99.7376,99.7384,99.7396,99.74,99.735,CANCEL,5093734371635817919,0,0,0
1260275862,99.73,99.74,296,7929,99.7376,99.7384,99.7396,99.74,99.735,CANCEL,1645053772142672149,0,0,0
1260282863,99.73,99.74,296,7929,99.7376,99.7384,99.7396,99.74,99.735,ORDER,12497992983827144671,0,100.04,539
1260290506,99.73,99.74,296,7929,99.7376,99.7384,99.7396,99.74,99.735,CANCEL,5131138873593966481,0,0,0
1260297386,99.73,99.74,296,7929,99.7376,99.7384,99.7396,99.74,99.735,CANCEL,77960237370143433,0,0,0
1260316808,99.73,99.74,296,7929,99.7376,99.7384,99.7396,99.74,99.735,CANCEL,12033991220133875280,0,0,0
1260324245,99.73,99.74,296,7929,99.7376,99.7384,99.7396,99.74,99.735,ORDER,8780907743392346266,0,100.06,495
1260331865,99.73,99.74,296,7929,99.7376,99.7384,99.7396,99.74,99.735,CANCEL,14694256569862646072,0,0,0
1260338964,99.73,99.74,296,7929,99.7376,99.7384,99.7396,99.74,99.735,ORDER,11355099158122312707,1,99.7,441
1260346742,99.73,99.74,296,7929,99.7376,99.7384,99.7396,99.74,99.735,CANCEL,14655156598424783690,0,0,0
1260353812,99.73,99.74,34,7929,99.7386,99.7395,99.74,99.74,99.735,CANCEL,10767410645537714935,0,0,0
1260361163,99.71,99.74,472,7929,99.7319,99.7343,99.7383,99.7399,99.725,CANCEL,3075108133036360661,0,0,0
1260368568,99.71,99.74,472,7929,99.7319,99.7343,99.7383,99.7399,99.725,CANCEL,9667072659883503928,0,0,0
1260375823,99.71,99.74,472,7929,99.7319,99.7343,99.7383,99.7399,99.725,CANCEL,3794347103626708980,0,0,0
1260383060,99.71,99.74,472,7929,99.7319,99.7343,99.7383,99.7399,99.725,ORDER,1267051055170694784,0,100.07,1481
1260390858,99.71,99.74,472,7929,99.7319,99.7343,99.7383,99.7399,99.725,CANCEL,14810857712634937075,0,0,0
1260398090,99.71,99.74,472,7929,99.7319,99.7343,99.7383,99.7399,99.725,CANCEL,7789520938264478691,0,0,0
1260416739,99.71,99.74,472,7929,99.7319,99.7343,99.7383,99.7399,99.725,ORDER,4150591647167692809,1,99.66,463
1260424306,99.71,99.74,472,7929,99.7319,99.7343,99.7383,99.7399,99.725,CANCEL,14969236270721288335,0,0,0
1260431284,99.71,99.74,472,7929,99.7319,99.7343,99.7383,99.7399,99.725,CANCEL,10832289804880185023,0,0,0
1260438313,99.71,99.74,472,7929,99.7319,99.7343,99.7383,99.7399,99.725,CANCEL,4041373334576786246,0,0,0
1260445379,99.71,99.74,472,7929,99.7319,99.7343,99.7383,99.7399,99.725,ORDER,9770674306221974002,0,100.03,361
1260452754,99.71,99.74,472,7929,99.7319,99.7343,99.7383,99.7399,99.725,CANCEL,9142706518231273113,0,0,0
1260459629,99.71,99.74,472,7929,99.7319,99.7343,99.7383,99.7399,99.725,CANCEL,641919693004552446,0,0,0
1260466607,99.71,99.74,472,7929,99.7319,99.7343,99.7383,99.7399,99.725,ORDER,15754239610200932784,0,100.05,443
1260474054,99.71,99.74,472,7929,99.7319,99.7343,99.7383,99.7399,99.725,CANCEL,6206005998849150296,0,0,0
1260480949,99.71,99.74,472,7929,99.7319,99.7343,99.7383,99.7399,99.725,ORDER,10769935301441259926,1,99.69,559
1260488529,99.71,99.74,472,7929,99.7319,99.7343,99.7383,99.7399,99.725,CANCEL,6964827949146983361,0,0,0
1260495515,99.71,99.74,472,7929,99.7319,99.7343,99.7383,99.7399,99.725,ORDER,8235740211705900913,1,99.67,646
1260505406,99.71,99.74,472,7929,99.7319,99.7343,99.7383,99.7399,99.725,CANCEL,3556277474327636267,0,0,0
1260512504,99.7,99.74,441,7929,99.7292,99.7324,99.7379,99.7399,99.72,CANCEL,2847375838162708258,0,0,0
1260519425,99.7,99.74,441,7929,99.7292,99.7324,99.7379,99.7399,99.72,ORDER,595556315573587888,1,99.61,6248
1260526816,99.7,99.74,441,7929,99.7292,99.7324,99.7379,99.7399,99.72,ORDER,4281269525948181671,1,99.57,8388
1260534252,99.7,99.74,441,7929,99.7292,99.7324,99.7379,99.7399,99.72,ORDER,11042277144014898527,1,99.58,9485
1260555415,99.7,99.74,441,7929,99.7292,99.7324,99.7379,99.7399,99.72,ORDER,1212528136450996906,1,99.59,6840
1260574801,99.7,99.74,441,7929,99.7292,99.7324,99.7379,99.7399,99.72,ORDER,16727379992305030390,1,99.56,12355
1260582235,99.7,99.74,441,7929,99.7292,99.7324,99.7379,99.7399,99.72,ORDER,39819969076574679,1,99.6,6107
1260589721,99.7,99.74,441,7929,99.7292,99.7324,99.7379,99.7399,99.72,ORDER,6603614792239208691,0,100.15,9373
1260597078,99.7,99.74,441,7929,99.7292,99.7324,99.7379,99.7399,99.72,ORDER,1065688554171610524,0,100.14,9300
1260617640,99.7,99.74,441,7929,99.7292,99.7324,99.7379,99.7399,99.72,ORDER,13455589680958408444,0,100.16,12916
1260624870,99.7,99.74,441,7929,99.7292,99.7324,99.7379,99.7399,99.72,TRADE,16339751819075103990,1,99.74,190
1260631993,99.7,99.74,441,7739,99.7292,99.7322,99.7378,99.7399,99.72,TRADE,3126723867477602084,0,99.7,190
1260638639,99.7,99.74,251,7739,99.7304,99.7341,99.7387,99.74,99.72,CANCEL,9860831848057697250,0,0,0
1260645457,99.7,100.02,251,494,99.8723,99.8903,99.9122,99.9543,99.86,TRADE,10941043078930154711,0,99.7,251
1260652359,99.69,100.02,559,494,99.844,99.8513,99.8448,99.8347,99.855,TRADE,10941043078930154711,0,99.69,559
1260661951,99.68,100.02,576,494,99.8387,99.8426,99.837,99.8241,99.85,TRADE,10941043078930154711,0,99.68,576
1260668655,99.67,100.02,646,494,99.8333,99.8338,99.8217,99.7991,99.845,TRADE,10941043078930154711,0,99.67,646
1260675223,99.66,100.02,463,494,99.84,99.8442,99.8458,99.8516,99.84,TRADE,10941043078930154711,0,99.66,463
1260681785,99.65,100.02,1837,494,99.7863,99.7772,99.7284,99.675,99.835,TRADE,10941043078930154711,0,99.65,1837
1260688382,99.64,100.02,2599,494,99.773,99.7561,99.7007,99.6532,99.83,ORDER,10941043078930154711,0,99.65,3396
1260695174,99.64,99.65,2599,3396,99.6454,99.6454,99.6457,99.6463,99.645,CANCEL,10941043078930154711,0,0,0
1260701622,99.64,100.02,2599,494,99.773,99.7561,99.7007,99.6532,99.83,TRADE,15694900779434021251,0,99.64,2599
1260708184,99.63,100.02,4206,494,99.7487,99.7298,99.671,99.6353,99.825,ORDER,15694900779434021251,0,99.64,5129
1299937598,99.63,99.64,4206,5129,99.6352,99.6353,99.6355,99.636,99.635,CANCEL,15694900779434021251,0,0,0
1299958590,99.63,100.02,4206,494,99.7487,99.7298,99.671,99.6353,99.825,TRADE,15702275530239644553,0,99.63,4206
1299967892,99.62,100.02,4359,494,99.7417,99.72,99.6607,99.6251,99.82,ORDER,15702275530239644553,0,99.63,3522
1299976094,99.62,99.63,4359,3522,99.6248,99.6247,99.6245,99.6239,99.625,TRADE,5347651218008477378,0,99.62,202
1299983686,99.62,99.63,4157,3522,99.6248,99.6248,99.6246,99.6242,99.625,CANCEL,15702275530239644553,0,0,0
1299991144,99.62,100.02,4157,494,99.7417,99.7223,99.6625,99.6256,99.82,TRADE,13320872268713193312,0,99.62,4157
1299998711,99.61,100.02,6248,494,99.7248,99.6993,99.64,99.6125,99.815,ORDER,13320872268713193312,0,99.62,3571
1300006692,99.61,99.62,6248,3571,99.6145,99.6143,99.6136,99.6125,99.615,CANCEL,1212528136450996906,0,0,0
1300014010,99.61,99.62,6248,3571,99.6145,99.6143,99.6136,99.6125,99.615,ORDER,5789727857351503640,1,99.59,3212
1300021607,99.61,99.62,6248,3571,99.6145,99.6143,99.6136,99.6125,99.615,ORDER,1563302609675324049,0,100.02,5080
1300029254,99.61,99.62,6248,3571,99.6145,99.6143,99.6136,99.6125,99.615,CANCEL,6603614792239208691,0,0,0
1300036372,99.61,99.62,6248,3571,99.6145,99.6143,99.6136,99.6125,99.615,CANCEL,13379959366634145008,0,0,0
1300043886,99.61,99.62,6248,3571,99.6145,99.6143,99.6136,99.6125,99.615,CANCEL,12259056178335974457,0,0,0
1300050917,99.61,99.62,6248,3571,99.6145,99.6143,99.6136,99.6125,99.615,CANCEL,1748422505261010790,0,0,0
1300073751,99.61,99.62,6248,3571,99.6145,99.6143,99.6136,99.6125,99.615,CANCEL,3348019128169876553,0,0,0
1300080761,99.61,99.62,6248,3571,99.6145,99.6143,99.6136,99.6125,99.615,CANCEL,11042277144014898527,0,0,0
1300087517,99.61,99.62,6248,3571,99.6145,99.6143,99.6136,99.6125,99.615,ORDER,4525086089433878957,1,99.58,4527
1300094781,99.61,99.62,6248,3571,99.6145,99.6143,99.6136,99.6125,99.615,CANCEL,16506508516362980087,0,0,0
1300114504,99.61,99.62,6248,3571,99.6145,99.6143,99.6136,99.6125,99.615,CANCEL,11542222730368464673,0,0,0
1300121106,99.61,99.62,6248,3571,99.6145,99.6143,99.6136,99.6125,99.615,CANCEL,2927746144202343393,0,0,0
1300127426,99.61,99.62,6248,3571,99.6145,99.6143,99.6136,99.6125,99.615,CANCEL,2303520573529395965,0,0,0
1300133678,99.61,99.62,6248,3571,99.6145,99.6143,99.6136,99.6125,99.615,ORDER,5038610840589078236,0,100.03,6761
1300140330,99.61,99.62,6248,3571,99.6145,99.6143,99.6136,99.6125,99.615,ORDER,13819525459835739095,0,100.05,8033
1300146993,99.61,99.62,6248,3571,99.6145,99.6143,99.6136,99.6125,99.615,CANCEL,16727379992305030390,0,0,0
1300153328,99.61,99.62,6248,3571,99.6145,99.6143,99.6136,99.6125,99.615,ORDER,18329925619392478650,1,99.56,6977
1300160036,99.61,99.62,6248,3571,99.6145,99.6143,99.6136,99.6125,99.615,ORDER,5535601338427451436,0,100.06,10855
1300166844,99.61,99.62,6248,3571,99.6145,99.6143,99.6136,99.6125,99.615,CANCEL,39819969076574679,0,0,0
1300173173,99.61,99.62,6248,3571,99.6145,99.6143,99.6136,99.6125,99.615,ORDER,16130763642351334413,1,99.6,3555
1300179978,99.61,99.62,6248,3571,99.6145,99.6143,99.6136,99.6125,99.615,CANCEL,595556315573587888,0,0,0
1300186251,99.6,99.62,3555,3571,99.61,99.61,99.61,99.61,99.61,ORDER,9589497209497300935,1,99.61,1015
1300193021,99.61,99.62,1015,3571,99.616,99.6166,99.6178,99.6193,99.615,CANCEL,13455589680958408444,0,0,0
1300199510,99.61,99.62,1015,3571,99.616,99.6166,99.6178,99.6193,99.615,CANCEL,11950164283316715006,0,0,0
1300205983,99.61,99.62,1015,3571,99.616,99.6166,99.6178,99.6193,99.615,TRADE,17483096453466916092,1,99.62,551
1300212509,99.61,99.62,1015,3020,99.6158,99.6164,99.6175,99.619,99.615,CANCEL,1267051055170694784,0,0,0
1300218842,99.61,99.62,1015,3020,99.6158,99.6164,99.6175,99.619,99.615,CANCEL,2673133813459099549,0,0,0
1300225224,99.61,99.62,1015,3020,99.6158,99.6164,99.6175,99.619,99.615,CANCEL,4087449742415770312,0,0,0
1300231676,99.61,99.62,1015,3020,99.6158,99.6164,99.6175,99.619,99.615,CANCEL,15539912866919614951,0,0,0
1300238015,99.61,99.62,1015,3020,99.6158,99.6164,99.6175,99.619,99.615,CANCEL,197334708306817946,0,0,0
1300244370,99.61,99.62,1015,3020,99.6158,99.6164,99.6175,99.619,99.615,CANCEL,2940078910054562272,0,0,0
1300262470,99.61,99.62,1015,3020,99.6158,99.6164,99.6175,99.619,99.615,CANCEL,15886035444587513726,0,0,0
1300269300,99.61,99.62,1015,3020,99.6158,99.6164,99.6175,99.619,99.615,CANCEL,116043567602644101,0,0,0
1300276144,99.61,99.62,1015,3020,99.6158,99.6164,99.6175,99.619,99.615,ORDER,6713898971768960344,0,100.04,4694
1300283537,99.61,99.62,1015,3020,99.6158,99.6164,99.6175,99.619,99.615,TRADE,15230809978021145599,1,99.62,390
1300290539,99.61,99.62,1015,2630,99.6157,99.6162,99.6172,99.6187,99.615,CANCEL,1065688554171610524,0,0,0
1300310152,99.61,99.62,1015,2630,99.6157,99.6162,99.6172,99.6187,99.615,ORDER,7226289273779548173,1,99.54,4857
1300317563,99.61,99.62,1015,2630,99.6157,99.6162,99.6172,99.6187,99.615,TRADE,15556859553350258240,1,99.62,355
1300324690,99.61,99.62,1015,2275,99.6157,99.616,99.6169,99.6183,99.615,ORDER,3936770809866634833,0,99.97,1548
1300332292,99.61,99.62,1015,2275,99.6157,99.616,99.6169,99.6183,99.615,ORDER,595930460349355377,0,99.96,577
1300339887,99.61,99.62,1015,2275,99.6157,99.616,99.6169,99.6183,99.615,ORDER,681914313850005023,1,99.55,8993
1300347491,99.61,99.62,1015,2275,99.6157,99.616,99.6169,99.6183,99.615,ORDER,15476214493062751813,0,99.92,478
1300355006,99.61,99.62,1015,2275,99.6157,99.616,99.6169,99.6183,99.615,ORDER,12742546727251695989,0,99.95,347
1300362335,99.61,99.62,1015,2275,99.6157,99.616,99.6169,99.6183,99.615,ORDER,15278278280228500140,0,99.94,579
1300372831,99.61,99.62,1015,2275,99.6157,99.616,99.6169,99.6183,99.615,ORDER,12115350926668275736,0,99.93,439
1300380440,99.61,99.62,1015,2275,99.6157,99.616,99.6169,99.6183,99.615,TRADE,11675235344625595803,1,99.62,536
1300387599,99.61,99.62,1015,1739,99.6155,99.6157,99.6163,99.6175,99.615,ORDER,903925075497621280,0,99.98,2274
1300395088,99.61,99.62,1015,1739,99.6155,99.6157,99.6163,99.6175,99.615,ORDER,14639413176791597910,1,99.52,10199
1300402713,99.61,99.62,1015,1739,99.6155,99.6157,99.6163,99.6175,99.615,ORDER,5642928060249504344,0,100.01,4468
1300410211,99.61,99.62,1015,1739,99.6155,99.6157,99.6163,99.6175,99.615,ORDER,1545827413994726873,1,99.53,8282
1300417720,99.61,99.62,1015,1739,99.6155,99.6157,99.6163,99.6175,99.615,ORDER,13441164275769901300,0,99.99,3488
1300425298,99.61,99.62,1015,1739,99.6155,99.6157,99.6163,99.6175,99.615,ORDER,7464349096994251536,0,100,4978
1300432976,99.61,99.62,1015,1739,99.6155,99.6157,99.6163,99.6175,99.615,TRADE,11090920850668311810,1,99.62,385
1315937473,99.61,99.62,1015,1354,99.6152,99.6154,99.6157,99.6164,99.615,TRADE,17837254372965584362,0,99.61,232
1331937334,99.61,99.62,783,1354,99.6155,99.6157,99.6163,99.6175,99.615,CANCEL,13320872268713193312,0,0,0
1359943261,99.61,99.92,783,478,99.7456,99.7456,99.7275,99.6942,99.765,CANCEL,4281269525948181671,0,0,0
1359961517,99.61,99.92,783,478,99.7456,99.7456,99.7275,99.6942,99.765,CANCEL,16130763642351334413,0,0,0
1359969439,99.61,99.92,783,478,99.7456,99.7456,99.7275,99.6942,99.765,CANCEL,8780907743392346266,0,0,0
1359976806,99.61,99.92,783,478,99.7456,99.7456,99.7275,99.6942,99.765,CANCEL,5535601338427451436,0,0,0
1359983889,99.61,99.92,783,478,99.7456,99.7456,99.7275,99.6942,99.765,CANCEL,13441164275769901300,0,0,0
1359991009,99.61,99.92,783,478,99.7456,99.7456,99.7275,99.6942,99.765,CANCEL,1545827413994726873,0,0,0
1359998081,99.61,99.92,783,478,99.7456,99.7456,99.7275,99.6942,99.765,CANCEL,7464349096994251536,0,0,0
1360005196,99.61,99.92,783,478,99.7456,99.7456,99.7275,99.6942,99.765,ORDER,14275553535775894176,0,99.94,5084
1360013330,99.61,99.92,783,478,99.7456,99.7456,99.7275,99.6942,99.765,ORDER,17412696961822795430,0,99.93,5409
1360020973,99.61,99.92,783,478,99.7456,99.7456,99.7275,99.6942,99.765,ORDER,1952279885734173566,0,99.98,8245
1360028586,99.61,99.92,783,478,99.7456,99.7456,99.7275,99.6942,99.765,ORDER,10594873772449628270,0,99.96,9067
1360036249,99.61,99.92,783,478,99.7456,99.7456,99.7275,99.6942,99.765,CANCEL,1563302609675324049,0,0,0
1360043382,99.61,99.92,783,478,99.7456,99.7456,99.7275,99.6942,99.765,CANCEL,9797982051876467892,0,0,0
1360050457,99.61,99.92,783,478,99.7456,99.7456,99.7275,99.6942,99.765,CANCEL,5642928060249504344,0,0,0
1360057488,99.61,99.92,783,478,99.7456,99.7456,99.7275,99.6942,99.765,CANCEL,14639413176791597910,0,0,0
1360064600,99.61,99.92,783,478,99.7456,99.7456,99.7275,99.6942,99.765,ORDER,6295908271251674092,1,99.52,529
1360072290,99.61,99.92,783,478,99.7456,99.7456,99.7275,99.6942,99.765,ORDER,15449880486178502898,0,99.97,7984
1360079902,99.61,99.92,783,478,99.7456,99.7456,99.7275,99.6942,99.765,CANCEL,9589497209497300935,0,0,0
1360086955,99.59,99.92,3212,478,99.7,99.68,99.6327,99.5971,99.755,CANCEL,5789727857351503640,0,0,0
1360094035,99.58,99.92,4527,478,99.6835,99.6611,99.6125,99.5837,99.75,CANCEL,7226289273779548173,0,0,0
1360101273,99.58,99.92,4527,478,99.6835,99.6611,99.6125,99.5837,99.75,CANCEL,4525086089433878957,0,0,0
1360108458,99.56,99.92,6977,478,99.6569,99.6327,99.5831,99.5617,99.74,ORDER,3662073144715579556,0,99.92,4606
1360116055,99.56,99.92,6977,5084,99.73,99.726,99.7117,99.6849,99.74,CANCEL,681914313850005023,0,0,0
1360123229,99.56,99.92,6977,5084,99.73,99.726,99.7117,99.6849,99.74,ORDER,159351566171505701,0,99.95,6893
1360130677,99.56,99.92,6977,5084,99.73,99.726,99.7117,99.6849,99.74,CANCEL,15754239610200932784,0,0,0
1360137621,99.56,99.92,6977,5084,99.73,99.726,99.7117,99.6849,99.74,CANCEL,13819525459835739095,0,0,0
1360144565,99.56,99.92,6977,5084,99.73,99.726,99.7117,99.6849,99.74,CANCEL,6713898971768960344,0,0,0
1360162877,99.56,99.92,6977,5084,99.73,99.726,99.7117,99.6849,99.74,CANCEL,12497992983827144671,0,0,0
1360174977,99.56,99.92,6977,5084,99.73,99.726,99.7117,99.6849,99.74,CANCEL,5038610840589078236,0,0,0
1360181863,99.56,99.92,6977,5084,99.73,99.726,99.7117,99.6849,99.74,CANCEL,9770674306221974002,0,0,0
1360188487,99.56,99.92,6977,5084,99.73,99.726,99.7117,99.6849,99.74,CANCEL,18329925619392478650,0,0,0
1360195118,99.52,99.92,529,5084,99.792,99.8221,99.8823,99.9157,99.72,ORDER,14386583993274536647,1,99.38,13058
1360214682,99.52,99.92,529,5084,99.792,99.8221,99.8823,99.9157,99.72,ORDER,16560732953979809673,1,99.39,10945
1360222289,99.52,99.92,529,5084,99.792,99.8221,99.8823,99.9157,99.72,ORDER,7275357312209932173,1,99.41,8114
1360229917,99.52,99.92,529,5084,99.792,99.8221,99.8823,99.9157,99.72,ORDER,16320938701865922361,1,99.43,5156
1360237347,99.52,99.92,529,5084,99.792,99.8221,99.8823,99.9157,99.72,ORDER,10834179869439728671,1,99.44,4742
1360244894,99.52,99.92,529,5084,99.792,99.8221,99.8823,99.9157,99.72,ORDER,4112437645925662935,1,99.45,4645
1360252330,99.52,99.92,529,5084,99.792,99.8221,99.8823,99.9157,99.72,ORDER,6595124879645954627,1,99.48,549
1360259915,99.52,99.92,529,5084,99.792,99.8221,99.8823,99.9157,99.72,ORDER,7837329229278694623,1,99.49,470
1360267419,99.52,99.92,529,5084,99.792,99.8221,99.8823,99.9157,99.72,ORDER,13809580876841146452,1,99.5,494
1360274797,99.52,99.92,529,5084,99.792,99.8221,99.8823,99.9157,99.72,ORDER,7279866966711703045,1,99.51,326
1360282184,99.52,99.92,529,5084,99.792,99.8221,99.8823,99.9157,99.72,ORDER,16514105608723472166,0,99.89,1310
1360289688,99.52,99.89,529,1310,99.7256,99.7458,99.7836,99.8381,99.705,ORDER,13186403768623203770,0,99.87,526
1360297354,99.52,99.87,529,526,99.695,99.6911,99.6945,99.694,99.695,ORDER,12916491872042763803,0,99.88,596
1360319750,99.52,99.87,529,526,99.695,99.6911,99.6945,99.694,99.695,ORDER,8393053900529554516,1,99.47,1588
1360339397,99.52,99.87,529,526,99.695,99.6911,99.6945,99.694,99.695,ORDER,9320608095131783138,0,99.84,507
1360358118,99.52,99.84,529,507,99.6693,99.6764,99.6766,99.6732,99.68,ORDER,15946469583276157971,0,99.9,2119
1360365394,99.52,99.84,529,507,99.6693,99.6764,99.6766,99.6732,99.68,ORDER,16398184903226677138,1,99.4,9255
1360372680,99.52,99.84,529,507,99.6693,99.6764,99.6766,99.6732,99.68,ORDER,14804311590333556408,0,99.91,4537
1360380008,99.52,99.84,529,507,99.6693,99.6764,99.6766,99.6732,99.68,ORDER,18073386472452947669,1,99.42,7209
1360387308,99.52,99.84,529,507,99.6693,99.6764,99.6766,99.6732,99.68,ORDER,12855698131221732095,0,99.85,560
1360394534,99.52,99.84,529,507,99.6693,99.6764,99.6766,99.6732,99.68,ORDER,15749180261554239928,1,99.46,2438
1360401869,99.52,99.84,529,507,99.6693,99.6764,99.6766,99.6732,99.68,ORDER,9907798162775618252,0,99.86,457
1383935323,99.52,99.84,529,507,99.6693,99.6764,99.6766,99.6732,99.68,TRADE,5974040024699140849,0,99.52,237
1399440241,99.52,99.84,292,507,99.6923,99.7005,99.7231,99.7603,99.68,CANCEL,14386583993274536647,0,0,0
1399457158,99.52,99.84,292,507,99.6923,99.7005,99.7231,99.7603,99.68,ORDER,3000690376211829589,0,99.94,3108
1399477639,99.52,99.84,292,507,99.6923,99.7005,99.7231,99.7603,99.68,ORDER,17358449502089448389,0,99.93,3736
1399484925,99.52,99.84,292,507,99.6923,99.7005,99.7231,99.7603,99.68,CANCEL,1952279885734173566,0,0,0
1399503873,99.52,99.84,292,507,99.6923,99.7005,99.7231,99.7603,99.68,CANCEL,903925075497621280,0,0,0
1399510956,99.52,99.84,292,507,99.6923,99.7005,99.7231,99.7603,99.68,ORDER,6784875477374040318,1,99.48,1535
1399518321,99.52,99.84,292,507,99.6923,99.7005,99.7231,99.7603,99.68,ORDER,10033308318165719820,0,99.9,2221
1399525757,99.52,99.84,292,507,99.6923,99.7005,99.7231,99.7603,99.68,ORDER,4583989143376540937,1,99.52,235
1399536382,99.52,99.84,527,507,99.6693,99.68,99.6769,99.6738,99.68,CANCEL,16398184903226677138,0,0,0
1399543336,99.52,99.84,527,507,99.6693,99.68,99.6769,99.6738,99.68,ORDER,17093077736001051820,1,99.4,5861
1399550579,99.52,99.84,527,507,99.6693,99.68,99.6769,99.6738,99.68,ORDER,14266773473714952613,0,99.87,1336
1399572125,99.52,99.84,527,507,99.6693,99.68,99.6769,99.6738,99.68,CANCEL,15449880486178502898,0,0,0
1399579325,99.52,99.84,527,507,99.6693,99.68,99.6769,99.6738,99.68,CANCEL,3936770809866634833,0,0,0
1399590942,99.52,99.84,527,507,99.6693,99.68,99.6769,99.6738,99.68,CANCEL,16560732953979809673,0,0,0
1399598070,99.52,99.84,527,507,99.6693,99.68,99.6769,99.6738,99.68,ORDER,16226689939608023933,0,99.88,2331
1399605557,99.52,99.84,527,507,99.6693,99.68,99.6769,99.6738,99.68,ORDER,3650173237369415028,0,99.89,2354
1399612796,99.52,99.84,527,507,99.6693,99.68,99.6769,99.6738,99.68,ORDER,5404564707957410643,1,99.49,653
1399620321,99.52,99.84,527,507,99.6693,99.68,99.6769,99.6738,99.68,ORDER,7354543042255726195,1,99.53,432
1399627724,99.53,99.84,432,507,99.685,99.6924,99.6974,99.7096,99.685,ORDER,5674767838706341765,0,99.82,476
1399635441,99.53,99.82,432,476,99.675,99.6785,99.682,99.689,99.675,ORDER,5197301983877232726,0,99.83,672
1399643398,99.53,99.82,432,476,99.675,99.6785,99.682,99.689,99.675,ORDER,14934031844732914291,1,99.54,598
1431937092,99.54,99.82,598,476,99.6707,99.6707,99.6641,99.6486,99.68,TRADE,746747307074473451,0,99.54,187
1463947232,99.54,99.82,411,476,99.68,99.6834,99.6903,99.7004,99.68,CANCEL,10834179869439728671,0,0,0
1473238312,99.54,99.82,411,476,99.68,99.6834,99.6903,99.7004,99.68,ORDER,16488744497465065698,1,99.44,1540
1473266567,99.54,99.82,411,476,99.68,99.6834,99.6903,99.7004,99.68,CANCEL,13809580876841146452,0,0,0
1473275192,99.54,99.82,411,476,99.68,99.6834,99.6903,99.7004,99.68,CANCEL,18073386472452947669,0,0,0
1473282998,99.54,99.82,411,476,99.68,99.6834,99.6903,99.7004,99.68,ORDER,13178819765096191305,1,99.42,2510
1473290843,99.54,99.82,411,476,99.68,99.6834,99.6903,99.7004,99.68,CANCEL,3662073144715579556,0,0,0
1473298509,99.54,99.82,411,476,99.68,99.6834,99.6903,99.7004,99.68,CANCEL,15476214493062751813,0,0,0
1473305881,99.54,99.82,411,476,99.68,99.6834,99.6903,99.7004,99.68,ORDER,6946091695661599557,0,99.92,3229
1473313789,99.54,99.82,411,476,99.68,99.6834,99.6903,99.7004,99.68,CANCEL,7275357312209932173,0,0,0
1473320852,99.54,99.82,411,476,99.68,99.6834,99.6903,99.7004,99.68,ORDER,9750160214041381516,1,99.41,4274
1473328808,99.54,99.82,411,476,99.68,99.6834,99.6903,99.7004,99.68,CANCEL,16320938701865922361,0,0,0
1473335930,99.54,99.82,411,476,99.68,99.6834,99.6903,99.7004,99.68,ORDER,13042789796541589613,1,99.43,1864
1473343585,99.54,99.82,411,476,99.68,99.6834,99.6903,99.7004,99.68,CANCEL,4112437645925662935,0,0,0
1473350682,99.54,99.82,411,476,99.68,99.6834,99.6903,99.7004,99.68,ORDER,17953855594552851294,1,99.45,492
1473358214,99.54,99.82,411,476,99.68,99.6834,99.6903,99.7004,99.68,CANCEL,7279866966711703045,0,0,0
1473365286,99.54,99.82,411,476,99.68,99.6834,99.6903,99.7004,99.68,CANCEL,12916491872042763803,0,0,0
1473372507,99.54,99.82,411,476,99.68,99.6834,99.6903,99.7004,99.68,CANCEL,16226689939608023933,0,0,0
1473379429,99.54,99.82,411,476,99.68,99.6834,99.6903,99.7004,99.68,ORDER,15006563985685681675,0,99.88,394
1473387088,99.54,99.82,411,476,99.68,99.6834,99.6903,99.7004,99.68,CANCEL,14266773473714952613,0,0,0
1473394134,99.54,99.82,411,476,99.68,99.6834,99.6903,99.7004,99.68,CANCEL,13186403768623203770,0,0,0
1473401127,99.54,99.82,411,476,99.68,99.6834,99.6903,99.7004,99.68,ORDER,9642067109679302995,0,99.87,513
1473408627,99.54,99.82,411,476,99.68,99.6834,99.6903,99.7004,99.68,CANCEL,14934031844732914291,0,0,0
1473415644,99.53,99.82,432,476,99.675,99.6785,99.682,99.689,99.675,CANCEL,3650173237369415028,0,0,0
1473423112,99.53,99.82,432,476,99.675,99.6785,99.682,99.689,99.675,CANCEL,16514105608723472166,0,0,0
1473430239,99.53,99.82,432,476,99.675,99.6785,99.682,99.689,99.675,ORDER,6672309878232471964,0,99.89,638
1473437851,99.53,99.82,432,476,99.675,99.6785,99.682,99.689,99.675,CANCEL,5197301983877232726,0,0,0
1473445043,99.53,99.82,432,476,99.675,99.6785,99.682,99.689,99.675,CANCEL,5404564707957410643,0,0,0
1473452383,99.53,99.82,432,476,99.675,99.6785,99.682,99.689,99.675,CANCEL,7837329229278694623,0,0,0
1473459418,99.53,99.82,432,476,99.675,99.6785,99.682,99.689,99.675,ORDER,10959989777160076112,1,99.49,486
1473467088,99.53,99.82,432,476,99.675,99.6785,99.682,99.689,99.675,CANCEL,5674767838706341765,0,0,0
1473481834,99.53,99.84,432,507,99.685,99.6924,99.6974,99.7096,99.685,CANCEL,7354543042255726195,0,0,0
1473489443,99.52,99.84,527,507,99.6693,99.68,99.6769,99.6738,99.68,CANCEL,6784875477374040318,0,0,0
1473496481,99.52,99.84,527,507,99.6693,99.68,99.6769,99.6738,99.68,CANCEL,6595124879645954627,0,0,0
1473503528,99.52,99.84,527,507,99.6693,99.68,99.6769,99.6738,99.68,ORDER,17928053004983475090,1,99.48,504
1473510948,99.52,99.84,527,507,99.6693,99.68,99.6769,99.6738,99.68,CANCEL,17358449502089448389,0,0,0
1473517887,99.52,99.84,527,507,99.6693,99.68,99.6769,99.6738,99.68,CANCEL,17412696961822795430,0,0,0
1473524877,99.52,99.84,527,507,99.6693,99.68,99.6769,99.6738,99.68,CANCEL,12115350926668275736,0,0,0
1473531797,99.52,99.84,527,507,99.6693,99.68,99.6769,99.6738,99.68,ORDER,10442580493909151622,0,99.93,5399
1473539182,99.52,99.84,527,507,99.6693,99.68,99.6769,99.6738,99.68,CANCEL,8393053900529554516,0,0,0
1473546159,99.52,99.84,527,507,99.6693,99.68,99.6769,99.6738,99.68,ORDER,11706909208447302368,1,99.47,547
1473553670,99.52,99.84,527,507,99.6693,99.68,99.6769,99.6738,99.68,CANCEL,9320608095131783138,0,0,0
1473560656,99.52,99.85,527,560,99.685,99.6887,99.69,99.695,99.685,CANCEL,4583989143376540937,0,0,0
1473567838,99.52,99.85,292,560,99.7086,99.7097,99.7369,99.7795,99.685,CANCEL,6295908271251674092,0,0,0
1473575055,99.49,99.85,486,560,99.682,99.674,99.6827,99.6953,99.67,CANCEL,15749180261554239928,0,0,0
1473582345,99.49,99.85,486,560,99.682,99.674,99.6827,99.6953,99.67,ORDER,14866851619614626417,1,99.46,699
1473590068,99.49,99.85,486,560,99.682,99.674,99.6827,99.6953,99.67,CANCEL,10033308318165719820,0,0,0
